1914 2518
218 219 280 239 eff.
297 219 341 247 31,
356 209 416 248 3z.]
717 198 867 234 Auctore
885 197 1109 234 Adamnano.
1555 201 1594 233 51

217 299 392 340 lacrymans
409 296 643 333 ¹⁶exosculatus‚
670 295 734 326 ¹⁷ad
750 295 931 337 hospitium,
956 300 1085 337 accepta.
1100 296 1139 327 ab
1155 306 1191 326 eo
1207 295 1434 331 benedictione,
1452 297 1579 338 15pei-git
1594 309 1599 327 :

216 351 388 392 eademque
409 350 575 381 subsecuta
594 348 770 379 infirmatus
793 354 895 385 nocte,
915 349 1010 389 juxta
1030 349 1162 380 verbum
1189 347 1297 380 Sancti
1320 348 1353 378 in
1376 349 1484 380 eadem
1508 350 1603 390 septi—

216 414 308 434 mana
322 403 362 434 ad
378 401 542 434 Christum
558 401 758 432 ¹⁹D0minum
775 401 937 443 migravit.

232 564 290 590 lDE
315 568 451 589 DUOBUS
475 566 684 587 PEREGRINIS
709 565 900 586 FRATRIBUS
924 564 1043 585 SANCTI
1067 563 1216 584 PROVIDA
1239 564 1480 585 PROPHETATIO
1506 565 1586 585 VIRI-

271 640 424 680 QUADAM
438 638 605 670 Dominica
616 637 667 669 die
679 637 763 669 ultra
775 648 855 679 saepe
868 641 1075 668 memoratum
1088 635 1258 667 clamatum
1274 640 1321 666 est
1330 635 1472 666 fret11m³.
1498 635 1603 675 Quem

216 693 346 724 audiens
365 692 499 724 Sanctus
520 691 699 728 clamorem,
723 691 763 721 ad
785 691 896 722 fratres
919 690 975 732 qui
990 690 1107 721 ibidem
1122 689 1271 726 ²inerant,
1295 689 1355 726 Ite,
1377 689 1431 726 ait,
1450 689 1601 723 celeriter,

216 745 460 788 peregrinosque
486 745 525 776 de
547 744 721 786 longinqua
744 744 907 776 venientes
929 744 1057 786 regione
1082 744 1122 775 ad
1146 755 1202 775 nos
1224 743 1310 774 ocius
1334 743 1492 774 adducite.
1538 743 1602 783 Qui

215 799 366 831 continuo
381 797 533 835 obsecuti,
551 797 805 828 ³transfretantes
817 797 1019 827 adduxerunt
1032 796 1190 837 hospites:
1215 807 1294 837 quos
1309 795 1444 828 Sanctus
1459 800 1605 827 ⁴exoscu—

215 852 309 888 latus,
333 856 562 892 consequenter
586 851 625 881 de
649 861 741 881 causa
764 856 967 892 percontatur
989 850 1118 881 itineris.
1165 850 1231 890 Qui
1253 850 1477 890 respondentes
1501 850 1601 885 aiunt,

217 905 267 937 Ut
289 905 363 937 ⁵hoc
378 905 474 937 etiam
495 916 577 936 anno
596 905 680 946 apud
697 911 728 936 te
744 904 990 946 peregrinemur,
1016 903 1168 935 venimus.
1214 903 1340 943 Quibus
1366 902 1500 934 Sanctus
1524 903 1602 933 hanc

215 957 305 989 dedit
320 957 572 999 responsionem:
590 957 692 998 Apud
706 968 766 994 me,
778 962 815 987 ut
827 956 942 993 dicitis,
955 956 1029 986 anni
1041 955 1135 986 unius
1151 955 1252 996 spatio
1268 954 1459 996 peregrinari
1471 966 1533 985 non
1549 966 1605 996 po-

214 1009 326 1047 teritis,
343 1009 403 1041 nisi
415 1010 502 1051 prius
519 1009 751 1041 ⁵monachicu1n
767 1008 971 1050 promiseritis
984 1013 1105 1039 votum.
1134 1006 1231 1047 Quod
1247 1006 1301 1047 qui
1317 1007 1454 1038 ⁷inerant
1470 1018 1604 1048 praesen-

214 1069 263 1094 tes
282 1063 374 1094 valde
395 1062 500 1094 mirati
523 1067 598 1094 sunt
620 1062 675 1093 sad
698 1062 837 1103 hospites
861 1061 970 1093 eadem
992 1061 1068 1092 hora
1091 1060 1314 1091 ⁹adventantes
1338 1059 1410 1090 dici.
1457 1060 1514 1090 Ad
1533 1071 1603 1100 quae

219 1115 328 1148 Sancti
348 1116 444 1147 verba
464 1115 567 1147 senior
586 1115 777 1156 respondens
800 1114 896 1145 frater
915 1114 969 1152 ait,
996 1113 1069 1144 Hoc
1087 1113 1120 1144 in
1140 1118 1245 1144 mente
1265 1113 1460 1154 propositum
1478 1112 1551 1143 licet
1571 1113 1602 1142 in

213 1168 293 1200 hanc
308 1168 417 1199 horam
432 1179 533 1209 usque
553 1167 734 1199 nullatenus
754 1167 990 1204 ¹⁰habuerimus,
1009 1172 1115 1197 tamen
1130 1171 1222 1197 tuum
1238 1176 1406 1207 sequemur
1426 1165 1600 1201 eonsilium,

214 1221 376 1258 divinitus,
394 1226 430 1252 ut
441 1220 606 1257 credimus,
618 1220 813 1262 inspiratum.
849 1219 937 1260 Quid
953 1219 1068 1261 plura?
1097 1218 1220 1250 Eodem
1230 1218 1314 1250 horae
1326 1224 1485 1249 momento
1502 1225 1603 1249 orato-

213 1274 295 1305 rium
310 1285 381 1306 cum
401 1273 516 1306 Sancto
532 1273 674 1316 ingressi,
697 1273 822 1310 devote,
844 1273 934 1304 flexis
957 1273 1102 1315 genibus
1129 1278 1240 1304 votum
1264 1272 1483 1303 llmonachiale
1509 1283 1603 1303 vove-

213 1327 311 1358 runtb.
360 1326 494 1358 Sanctus
518 1332 588 1358 tum
614 1326 763 1364 ¹²deinde,
792 1326 832 1357 ad
855 1326 968 1358 fratres
995 1337 1174 1363 conversus,
1200 1325 1255 1362 ait,
1281 1325 1327 1356 Hi
1350 1326 1413 1356 duo
1442 1325 1604 1366 proselytr'

213 1379 319 1411 vivam
335 1379 406 1411 Deo
422 1379 538 1420 seipsos
554 1379 740 1411 exhibentes
754 1379 900 1416 hostiam,
920 1379 1078 1421 longaque
1102 1379 1161 1410 ¹³in
1185 1378 1299 1410 ¹³b1·evi
1321 1378 1508 1410 Christianae
1524 1385 1603 1409 tem-

212 1444 289 1474 pora
314 1432 434 1463 militiae
455 1432 658 1474 complentes,
683 1432 743 1464 hoc
766 1444 839 1463 mox
862 1432 972 1463 eodem
995 1443 1101 1464 mense
1124 1432 1164 1462 ad
1187 1431 1353 1464 Christum
1376 1431 1551 1462 Dominum
1570 1432 1601 1461 in

215 1495 290 1526 pace
306 1484 498 1515 transibunt.
544 1483 669 1524 Quibus
682 1483 797 1514 auditis
813 1485 905 1515 ambo
917 1483 1040 1520 fratres,
1054 1484 1172 1525 gratias
1188 1483 1260 1515 Deo
1273 1489 1415 1525 agentes,
1441 1483 1481 1514 ad
1497 1483 1602 1524 hospi·

212 1537 293 1568 tium
310 1536 465 1567 l*deducti
481 1541 569 1567 sunt:
593 1535 829 1577 interjectisque
845 1535 955 1567 diebus
971 1541 1102 1577 septem,
1117 1535 1219 1567 senior
1230 1536 1326 1566 frater
1337 1535 1431 1576 coepit
1441 1535 1600 1571 infirmari,

212 1595 254 1627 et,
271 1589 380 1621 eadem
394 1595 520 1631 peracta
536 1589 718 1631 septimana,
741 1589 781 1621 ad
797 1589 972 1621 Dominum
991 1589 1168 1632 emigravit.
1216 1589 1367 1622 Similiter
1388 1594 1420 1620 et
1435 1589 1514 1620 alter
1530 1596 1601 1630 post

263 1694 278 1708 ¹6
290 1692 405 1715 osculatus
415 1696 450 1716 est
462 1693 490 1715 D.
560 1694 573 1709 ¹⁷
587 1697 609 1715 et
622 1693 647 1716 C.
661 1692 684 1716 S.
753 1694 768 1709 ¹*
781 1693 884 1721 perrexit
896 1693 926 1716 D.
995 1693 1014 1708 ¹⁹
1023 1701 1065 1715 om.
1079 1693 1106 1716 B.

263 1747 269 1761 1
280 1745 340 1767 titul.
353 1753 394 1767 om.
408 1745 433 1769 C.
447 1745 475 1767 D.
490 1745 514 1767 F.
530 1745 552 1767 S.
582 1745 642 1767 Boll.
710 1746 792 1768 2erant
805 1745 833 1767 D.
906 1746 915 1761 3
928 1746 1065 1768 mandatum
1077 1746 1132 1768 add.
1146 1746 1174 1768 D.
1250 1748 1259 1762 ⁴
1271 1746 1416 1769 exosculatos
1426 1747 1453 1768 D.
1465 1747 1491 1769 Ε.
1560 1750 1566 1761 ⁵
1579 1754 1601 1770 et

212 1778 267 1800 add.
279 1777 307 1799 D.
358 1777 368 1792 ⁵
381 1778 534 1800 monasticum
549 1777 576 1800 D.
635 1779 643 1793 7
656 1781 722 1799 erant
735 1777 764 1799 D.
828 1781 836 1793 s
849 1785 892 1800 om,
905 1777 934 1799 D.
1000 1777 1010 1792 ⁹
1022 1778 1169 1801 advenientes
1182 1778 1210 1801 D.
1274 1780 1290 1795 ¹0
1301 1779 1426 1802 habuimus
1439 1779 1466 1801 D.
1527 1781 1539 1796 ¹¹
1553 1788 1601 1802 mo-

212 1810 303 1832 nachile
318 1809 345 1831 B.
360 1809 386 1833 C.
454 1809 473 1824 ¹²
487 1817 530 1832 mn.
546 1810 574 1832 D.
643 1811 659 1825 ¹³
671 1817 714 1832 om.
728 1809 757 1832 D.
827 1811 841 1825 Ν
854 1810 917 1833 ducti
935 1810 963 1831 D.

244 1905 253 1915 Δ
267 1899 457 1925 Fretum-See
469 1901 484 1924 i.
500 1908 536 1931 25,
552 1901 588 1930 26,
604 1909 641 1931 27,
656 1909 695 1932 43.
933 1910 948 1926 a
957 1904 1039 1934 year's
1052 1903 1190 1934 probation
1202 1902 1292 1927 should
1304 1903 1401 1935 always
1413 1904 1527 1935 precede.
1565 1906 1600 1929 At

244 1944 254 1957 b
272 1942 538 1975 Voverunt.—Colgan
551 1944 671 1968 observes
684 1944 742 1968 that
752 1944 802 1968 this
815 1945 836 1968 is
849 1953 882 1968 an
933 1945 1029 1977 length,
1048 1945 1091 1969 the
1104 1945 1210 1969 Council
1222 1945 1250 1969 of
1261 1945 1345 1970 Trent
1355 1946 1435 1977 (Sess.
1449 1954 1507 1970 xxv.
1522 1955 1542 1970 c.
1560 1948 1599 1977 ¹5)

210 1985 327 2009 instance
336 1986 365 2009 of
371 1986 509 2010 admission
518 1990 545 2010 to
553 1987 596 2010 the
606 1987 730 2011 monastic
740 1987 882 2019 profession
933 1988 1042 2012 deereed
1053 1988 1093 2012 for
1106 1988 1234 2021 Regulars
1252 1988 1310 2013 that
1327 1989 1353 2012 in
1370 1996 1442 2012 cases
1456 1989 1539 2013 where
1557 1990 1600 2013 the

213 2028 320 2052 without
331 2029 375 2052 the
387 2037 449 2060 year
461 2029 489 2053 of
499 2029 647 2061 probation:
668 2033 695 2053 to
708 2030 788 2054 which
801 2030 881 2054 Baer-
933 2033 1014 2063 year-'s
1031 2032 1168 2063 probation
1185 2040 1237 2056 was
1256 2031 1372 2059 omitted,
1394 2031 1438 2056 the
1456 2033 1600 2064 profession

212 2071 263 2094 tius
275 2071 348 2100 adds,
366 2072 424 2095 that
441 2072 484 2096 the
502 2073 590 2104 period
606 2073 635 2096 of
644 2073 779 2104 probation
794 2073 882 2097 varied
933 2073 1023 2098 should
1035 2074 1065 2098 be
1077 2074 1180 2098 invalid.
1217 2075 1289 2105 (Aet.
1304 2074 1348 2098 SS.
1360 2074 1418 2098 Jun.
1431 2074 1455 2097 ii.
1469 2082 1492 2106 p.
1508 2076 1551 2097 208
1563 2075 1597 2105 h.)

212 2112 349 2144 originally
371 2116 400 2137 at
423 2114 466 2137 the
489 2114 628 2138 discretion
651 2115 679 2138 of
698 2115 742 2138 the
765 2115 882 2139 founder.
965 2122 973 2132 ι’
986 2116 1243 2148 Proselyti.—Called
1261 2117 1315 2141 also
1331 2117 1458 2148 pereyrini
1476 2117 1526 2140 and
1545 2117 1599 2141 hos-

212 2154 282 2186 Pope
295 2155 443 2180 Alexander
456 2157 502 2180 111.
516 2157 638 2181 ordaiued
652 2157 709 2182 that
724 2158 767 2181 the
779 2162 845 2182 term
857 2159 885 2182 of
929 2159 995 2190 pites
1007 2159 1144 2184 elsewhere
1156 2160 1182 2184 in
1194 2160 1237 2185 the
1249 2160 1363 2192 chapter.
1400 2160 1447 2184 See
1463 2159 1588 2191 Glossary.
