1914 2518
335 213 345 234 1
356 214 376 234 ο
816 201 898 238 Vita
918 203 1038 241 Sancti
1061 204 1241 241 Columba»

1617 214 1684 252 [ΜΒ.
1701 223 1716 242 1.

558 352 667 380 ¹NUNc
686 360 786 380 PRIMI
805 361 900 382 LIBRI
917 353 1248 385 2ΟΑΡΙΤΠΙΛΑΤΙΟΝΕΞ(ι
1266 365 1484 387 ORDIL'NTUR.

327 428 377 461 De
394 430 550 463 virtutum
566 432 723 464 miraculis
738 435 842 465 brevis
858 435 1014 467 narratio-1

327 481 377 513 De
394 488 502 514 sancto
518 483 546 514 F
549 484 657 516 inteno
672 486 795 522 abbate,
819 486 984 518 Tailchani
1002 487 1076 525 filio,
1098 489 1255 530 quomodo
1268 490 1307 521 de
1326 490 1392 532 ipso
1414 498 1539 524 sanctus
1557 492 1715 525 Columba

392 536 618 578 ³prophetavit.

326 587 376 619 De
393 587 549 626 Erneneo,
567 589 632 620 filio
649 590 789 627 Craseni,
808 590 988 632 ³prophetia
1003 591 1081 632 ejus.

325 639 376 672 De
391 641 532 673 adventu
549 642 715 674 Caiuniehi
731 643 890 684 quomodo
906 645 1141 685 praenuntiavit.

325 693 375 725 De
391 694 530 735 periculo
547 695 647 727 sancti
664 695 810 727 Colmani
825 702 922 738 gente
939 695 1129 728 Moeusailni
1146 703 1253 729 sancto
1269 697 1434 730 Columbae
1451 701 1599 732 revelato.

325 747 376 778 De
389 748 543 780 Coi-niaco
559 754 674 790 nepote
690 749 795 781 Letha
811 749 1083 791 ³prophetati0nes
1099 751 1177 791 ejus.

324 799 376 831 De
392 801 501 832 bellisf.

326 852 376 884 De
392 854 544 895 regibus&

324 905 375 937 De
391 907 514 938 duobus
530 907 635 949 pueris
651 908 825 939 secundum
840 909 973 939 verbum
992 908 1058 949 ejus
1074 908 1106 939 in
1122 908 1184 939 fine
1200 908 1381 950 septimanae
1397 910 1539 941 mortuis.

322 959 373 991 De
390 960 518 992 Coleioh
534 961 599 992 filio
616 961 705 992 Aido
722 961 927 1003 Draigniche,
945 967 977 994 et
993 962 1032 993 de
1048 962 1186 1003 quodam
1201 962 1325 994 occulto
1340 963 1448 994 matris
1465 964 1562 1005 ipsius
1578 970 1717 1006 peccato.

323 1011 374 1043 De
390 1012 481 1054 signo
498 1013 608 1044 mortis
624 1013 766 1054 ejusden}
782 1013 842 1044 viri
858 1014 1039 1056 ³prophetia
1055 1014 1154 1046 sancti
1171 1015 1347 1047 Columbae.

324 1064 375 1096 De
390 1064 544 1097 Laisrano
560 1065 738 1096 hortulano.

323 1116 374 1148 De
391 1116 473 1149 Ceto
489 1129 605 1159 magno
621 1117 779 1159 quomodo
795 1122 805 1136 ³
811 1117 1025 1159 prophetavit.

322 1169 372 1201 De
389 1171 526 1212 quodam
542 1171 688 1209 Baitano,
707 1171 761 1213 qui
777 1183 849 1203 cum
865 1172 986 1204 caeteris
1001 1173 1042 1204 ad
1057 1173 1250 1205 maritimum
1266 1174 1433 1216 remig-avit
1450 1175 1621 1205 desertum.

322 1222 372 1254 De
389 1224 526 1264 quodam
543 1223 689 1255 Nemano
705 1224 780 1255 ficto
796 1225 995 1266 ⁴poenitente‚
1008 1225 1062 1266 qui
1072 1231 1182 1267 postea
1197 1226 1370 1257 secundum
1387 1227 1519 1257 verbum
1536 1227 1635 1257 sancti
1651 1237 1717 1257 car—

385 1288 458 1308 nem
473 1288 562 1318 equae
578 1277 703 1308 furtivae
719 1277 867 1308 comedit.

321 1327 372 1359 De
387 1329 442 1360 illo
457 1328 574 1360 infelici
590 1329 657 1361 viro
673 1329 729 1371 qui
744 1341 816 1361 cum
833 1341 889 1360 sua
904 1329 1056 1371 genitrice
1072 1330 1222 1372 peccavit.

321 1381 371 1413 De
388 1381 405 1412 I
423 1382 523 1414 vocali
538 1382 645 1414 littera
660 1394 730 1424 quae
746 1394 809 1414 una
824 1382 856 1413 in
873 1382 1045 1415 ⁵Psalterio
1061 1383 1171 1414 defuit.

321 1433 371 1465 De
387 1434 468 1466 libro
484 1435 516 1465 in
532 1434 701 1476 ⁵hydriam³
717 1435 860 1466 cadente.

320 1486 370 1518 De
387 1488 546 1519 corniculo
562 1487 731 1519 atramenti
746 1488 907 1519 inclinato.

371 1580 375 1595 ¹
394 1581 476 1603 Omnia
488 1589 560 1611 usqne
571 1582 604 1603 ad
615 1589 666 1610 cap.
687 1589 699 1603 2
717 1581 800 1603 desunt
817 1582 841 1603 in
860 1581 884 1605 C.
896 1582 924 1603 D.
935 1582 960 1603 F.
971 1582 994 1604 S.
1031 1581 1148 1604 Elenchus
1159 1582 1183 1604 in
1196 1582 1260 1611 Colg.
1278 1582 1338 1604 Bou.
1372 1583 1404 1604 ad
1421 1589 1538 1604 numerum
1560 1582 1713 1611 capitulorum

320 1613 424 1641 [Jpletus
439 1617 479 1637 est.
541 1616 550 1630 ²
559 1614 747 1643 Kapitulationes
758 1615 786 1636 A.
855 1615 864 1630 3
876 1614 957 1643 prufet.
970 1615 998 1636 A.

352 1704 360 1718 ¹³
378 1703 704 1735 Capitulationes.—These
721 1704 871 1727 summaries
884 1711 928 1727 are
940 1705 988 1728 evi-

321 1745 408 1777 dently
421 1747 538 1777 genuine.
560 1746 633 1778 They
644 1746 718 1770 differ
730 1746 756 1769 in
768 1746 917 1778 expression
927 1746 992 1770 from

322 1788 364 1813 the
379 1788 503 1821 headings
517 1789 545 1812 of
554 1789 598 1813 the
611 1789 741 1821 ehapters,
754 1789 780 1812 in
792 1793 844 1813 two
857 1797 929 1813 cases
941 1797 993 1813 em·

321 1833 398 1855 brace
411 1831 509 1854 several
520 1831 640 1862 chapters
653 1831 734 1854 under
743 1839 758 1854 a
771 1831 853 1862 single
863 1831 929 1859 title,
941 1832 992 1856 and

321 1878 349 1898 at
369 1873 412 1897 the
431 1873 499 1896 close
515 1873 587 1897 leave
608 1881 685 1897 seven
704 1874 825 1905 chapters
844 1874 990 1898 unnoticed.

322 1916 350 1939 ln
363 1923 409 1939 one
421 1915 537 1939 instance
550 1916 610 1947 they
624 1915 714 1947 supply
727 1924 743 1939 a
756 1924 849 1947 proper
860 1924 934 1940 name
947 1920 992 1940 not

318 1957 465 1981 mentioned
478 1957 503 1980 in
515 1957 559 1981 the
572 1958 713 1981 narrative.
748 1958 954 1989 Capitulationes
967 1958 996 1982 of

321 1999 407 2023 Books
419 1999 446 2023 ii.
461 1999 510 2022 and
524 2000 557 2022 iii.
571 2008 615 2023 are
628 2000 742 2032 wanting
755 2000 780 2023 in
793 2001 836 2024 the
846 2001 992 2024 Reiehenau

321 2041 384 2069 MS,
398 2041 442 2064 but
456 2049 500 2064 are
513 2042 630 2073 supplied
642 2041 674 2073 by
685 2042 728 2065 the
739 2042 800 2066 Cod.
810 2042 884 2071 Brit.‚
894 2043 991 2074 though

320 2083 349 2106 of
358 2083 436 2106 lower
453 2083 593 2115 authority.
628 2083 728 2115 Colgan
745 2083 796 2107 and
814 2086 857 2108 the
870 2084 991 2108 Bolland-

320 2126 377 2152 ists,
392 2125 523 2156 following
546 2125 571 2149 S.
591 2125 697 2149 White's
718 2133 789 2157 copy,
808 2126 874 2150 have
891 2126 992 2150 altered

319 2167 371 2190 this
383 2167 453 2191 table
466 2175 493 2191 so
506 2175 534 2191 as
547 2171 574 2191 to
587 2168 743 2199 coi-respond
756 2168 859 2199 exactly
872 2169 933 2192 with
947 2169 990 2192 the

1065 1616 1074 1630 ⁴
1086 1618 1206 1643 penetente
1218 1616 1245 1637 Α.
1313 1620 1321 1628 ³
1334 1614 1425 1636 salterio
1441 1615 1469 1636 A.
1536 1615 1545 1629 s’
1556 1615 1646 1643 >wli-iam
1658 1615 1688 1636 A.

1044 1704 1172 1736 chapters,
1194 1704 1331 1736 supplying
1355 1704 1474 1728 deficient
1495 1704 1566 1728 titles
1587 1704 1652 1728 from
1672 1704 1715 1728 the

1044 1747 1138 1778 sequel.

1075 1795 1084 1805 ἓ
1096 1789 1345 1821 IVarratioe—Chap.
1357 1797 1376 1812 1.
1403 1788 1467 1812 This
1480 1788 1530 1811 and
1541 1788 1583 1811 the
1596 1788 1714 1811 succeed-

1042 1831 1087 1863 ing
1099 1832 1148 1855 five
1161 1831 1231 1855 tituli
1240 1831 1326 1855 follow
1336 1831 1379 1855 the
1391 1831 1468 1855 order
1480 1830 1509 1854 of
1517 1830 1561 1854 the
1573 1830 1713 1854 narrative.

1076 1873 1084 1888 ¹
1093 1872 1137 1896 De
1150 1872 1466 1904 Bellis.—Comprehends
1478 1872 1564 1902 chaps.
1575 1879 1596 1900 7,
1610 1873 1630 1894 8.
1658 1871 1715 1894 'she

1043 1914 1165 1946 chapters
1178 1922 1222 1938 are
1234 1918 1279 1938 not
1291 1914 1431 1938 number-ed
1442 1914 1468 1937 in
1479 1913 1524 1937 the
1536 1913 1654 1944 original⁷
1668 1912 1713 1936 but

1043 1957 1082 1980 sor
1101 1957 1145 1980 the
1163 1957 1331 1980 convenience
1349 1956 1378 1980 of
1391 1956 1528 1983 reference,
1550 1955 1646 1986 figures
1669 1962 1714 1978 are

1043 1999 1175 2030 employed
1188 2000 1213 2022 in
1226 1999 1269 2022 the
1281 2002 1385 2030 present
1399 1998 1478 2021 work.

1074 2046 1085 2062 ἔ
1097 2040 1140 2065 De
1153 2041 1422 2072 reyibus.—Chapters
1435 2047 1505 2071 9-15.

1074 2083 1085 2098 *¹
1098 2082 1142 2107 De
1155 2083 1348 2107 Celeia-This
1368 2082 1426 2106 title
1446 2081 1496 2106 and
1520 2081 1563 2105 the
1582 2081 1712 2112 following

1042 2132 1089 2148 one
1101 2124 1194 2157 belong
1208 2129 1236 2149 to
1249 2125 1322 2156 chap.
1338 2132 1372 2154 ¹7·
1386 2124 1389 2125 ⁷

1074 2165 1080 2181 ί
1092 2167 1280 2200 Hydriam.—“
1293 2167 1434 2198 Aquarium
1448 2167 1506 2189 vas*
1519 2166 1543 2189 in
1556 2166 1629 2197 chap.
1645 2173 1682 2194 24.
