1914 2518
214 178 385 216 mmmm]
726 168 877 204 Auctore
894 168 1124 206 Adamnano.
1533 186 1593 208 101

213 266 263 298 De
280 266 456 298 Baitheneo
480 272 513 298 et
534 266 732 299 Columba-no
754 267 818 298 filio
840 267 994 309 Beognoi,
1020 268 1075 308 qui
1099 279 1117 298 a
1140 267 1256 300 Sancto
1283 269 1466 307 seeundum,
1489 271 1597 302 eadem

276 319 336 356 die,
354 319 409 351 sed
425 319 548 350 diversa
563 320 623 357 via,
643 325 773 350 ventum
790 320 848 351 sibi
866 320 933 350 dari
949 321 1172 361 postularuntl‘.

213 371 263 403 De
280 371 428 402 daemonis
443 371 621 413 repulsione
637 371 692 412 qui
707 371 739 401 in
755 371 844 402 lactis
860 371 987 402 vasculo
1003 371 1172 403 latitabatq.

212 424 263 456 De
279 424 406 456 vasculo
422 425 508 466 quod
524 424 652 465 quidam
669 424 838 460 maleficus,
856 424 937 455 lacte
953 424 992 455 de
1012 424 1151 455 masculo
1167 425 1248 456 bove
1269 436 1426 466 expresso,
1444 426 1598 457 diabolica

274 477 409 518 replevit
424 482 509 512 arte;
526 477 591 514 sed,
609 476 725 508 Sancto
742 482 860 513 orante,
875 476 978 517 ipsum
994 477 1080 517 quod
1096 476 1263 508 videbatur
1278 476 1336 514 lae,
1350 477 1382 508 in
1398 478 1595 520 sanguinem,

275 531 335 562 hoc
351 535 408 567 est,
426 530 458 560 in
474 536 619 561 naturam
635 529 803 571 propriam,
822 541 948 560 versum
964 535 1035 561 estr.

212 582 262 613 De
284 582 419 624 Lugneo
443 583 617 620 Mocumin,
642 594 738 624 quem
760 583 894 615 Sanctus
915 584 954 615 de
977 583 1132 625 profluvio
1155 584 1326 625 sanguinis,
1350 584 1404 625 qui
1426 586 1534 616 crebro
1558 598 1596 615 ex

275 635 402 667 naribus
418 636 485 676 ejus
501 636 688 677 profluebat,
706 636 846 667 oratione
862 642 894 667 et
910 637 1083 678 digitorum
1099 642 1187 668 tactu
1203 637 1351 668 sanavit*-

212 688 261 720 De
278 700 367 720 esoce
383 700 498 730 magno
514 689 546 720 in
561 689 668 726 fluvio,
682 690 778 730 juxta
793 690 925 721 verbum
944 689 1062 727 Sancti,
1080 690 1231 721 invento‘.

213 741 263 772 De
279 741 402 772 duobus
419 742 567 783 piscibus,
590 742 643 773 illo
660 743 879 784 prophetante,
897 743 929 773 in
945 743 1073 774 flumine
1090 744 1176 784 quod
1192 748 1322 774 vocatur
1339 742 1408 774 Boo
1423 744 1581 785 1·epertis¹¹.

211 793 261 824 De
277 795 413 835 quodam
430 795 553 836 plebeio
569 795 625 836 qui
641 795 674 826 N
677 807 788 826 esanus
806 795 933 827 Curvus
949 796 1136 827 dicebaturv.

211 846 261 878 De
277 847 414 888 quodam
430 848 529 879 divite
544 848 753 885 tenacissimo,
771 848 897 879 nomine
915 848 1073 890 Uigenow.

210 899 260 931 De
277 900 475 932 Columbano
488 912 576 941 aequc
589 901 711 942 plebeio
723 901 799 939 viro,
810 901 860 941 cuj
867 913 900 931 us
912 912 1023 942 pecora
1038 901 1209 932 admodum
1225 912 1324 942 pauca
1342 901 1388 932 vir
1403 908 1528 933 sanctus
1545 902 1596 933 bc-

274 953 395 984 nedixit
408 965 416 990 ;
447 954 502 984 sed
525 959 597 995 post
619 953 703 984 illius
726 954 977 985 benedictionem
1002 965 1103 994 usque
1126 954 1166 984 ad
1190 953 1406 985 centenarium
1429 961 1596 985 creverunt

273 1011 469 1037 numerumx.

210 1061 260 1093 De
275 1061 406 1093 interitu
422 1062 447 1093 J
449 1062 580 1093 ohannis
596 1061 651 1093 filii
669 1062 820 1099 Conallis,
838 1062 945 1093 eadem
963 1062 1013 1093 die
1029 1073 1092 1103 qua
1110 1062 1261 1094 Sanctum
1278 1073 1428 1103 spernens
1444 1062 1598 1093 dehonor-

273 1114 368 1146 avity.

209 1167 260 1198 De
276 1167 409 1208 alicujus
426 1167 601 1199 Fer-adaehi
618 1174 728 1205 morte,
747 1168 941 1199 fraudulenti
959 1168 1027 1204 viri,
1043 1180 1061 1199 a
1080 1168 1196 1200 Sancto
1212 1168 1449 1210 praen11nciata2.

208 1220 259 1252 De
275 1221 335 1252 alio
351 1228 560 1263 persecutore,
579 1222 628 1263 cuj
635 1234 669 1253 us
685 1234 799 1253 nomen
815 1222 912 1254 latine
930 1222 1047 1254 Manus
1064 1222 1207 1254 Dextera
1222 1222 1362 1254 dieiturfl.

209 1273 260 1305 De
280 1274 341 1305 alio
361 1274 576 1306 innocentium
595 1281 805 1316 persecutore,
825 1275 879 1316 qui
899 1275 931 1306 in
948 1275 1177 1317 Laginensiun]
1197 1275 1369 1320 provincia,
1387 1274 1468 1306 sicut
1486 1275 1598 1306 Anna-

272 1326 338 1358 nias
353 1338 457 1358 coram
470 1328 578 1365 Petro,
597 1329 706 1360 eodem
723 1334 893 1366 momente,
912 1341 929 1360 a
945 1329 1060 1361 Sancto
1076 1329 1258 1360 terribiliter
1273 1329 1469 1370 objurgatus,
1485 1328 1598 1360 cecidit

272 1381 440 1412 mortuusb.

206 1432 258 1464 De
274 1433 340 1474 apri
356 1433 606 1471 mortificatione,
622 1435 676 1475 qui
692 1446 710 1465 a
725 1434 841 1467 Sancto
854 1436 976 1467 eminus
992 1436 1116 1473 cecidit,
1131 1436 1220 1479 signo
1231 1441 1406 1477 prostratus
1421 1435 1595 1467 Dominicae

272 1486 395 1517 crucisss.

208 1537 258 1569 De
278 1538 339 1569 alia
358 1538 490 1579 aquatili
505 1539 615 1575 bestia,
634 1550 715 1579 quae,
736 1551 772 1570 eo
794 1546 913 1577 orante,
932 1545 964 1571 et
982 1551 1110 1571 manum
1131 1552 1148 1572 e
1169 1546 1277 1572 contra
1292 1540 1427 1577 levante,
1446 1545 1529 1571 retro
1548 1552 1595 1571 re-

271 1590 362 1632 pulsa
378 1596 426 1622 est
440 1602 480 1622 ne
496 1590 632 1632 Lugneo
648 1592 770 1623 natanti
786 1592 889 1623 vicino
905 1593 1056 1624 noceretd.

207 1642 258 1674 De
273 1642 383 1674 insulae
400 1642 486 1674 Ionae
503 1643 651 1684 viperinis
672 1644 880 1684 serpentibus,
898 1644 963 1685 qui,
986 1655 1025 1675 ex
1041 1655 1104 1685 qua
1120 1644 1170 1675 die
1189 1644 1324 1676 Sanctus
1337 1656 1403 1676 eam
1420 1644 1592 1681 benedixit,

271 1696 351 1727 nulli
367 1695 530 1727 hominum
546 1707 604 1727 nec
620 1696 714 1727 etiam
730 1697 895 1738 pecoribus
911 1708 1022 1728 nocere
1038 1702 1192 1738 potueree.

206 1748 257 1780 De
272 1748 363 1780 hasta
378 1749 417 1780 ab
433 1760 470 1780 eo
490 1748 623 1790 signata,
642 1760 712 1789 quae
728 1749 874 1791 deinceps
890 1749 977 1781 nullo
998 1750 1102 1787 modo,
1120 1749 1294 1791 quamlibet
1309 1749 1433 1781 fortiter
1448 1750 1591 1791 impulsa,

269 1801 363 1833 alicui
379 1802 484 1843 potuit
499 1813 610 1833 nocere
627 1802 802 1833 animantis.

206 1854 256 1885 De
274 1854 424 1885 Diormiti
441 1854 623 1896 aegrotantis
639 1854 798 1886 sanitate&

205 1906 255 1938 De
273 1906 408 1939 Fenteni
423 1907 480 1938 filii
496 1907 595 1945 Aido,
613 1907 645 1938 in
661 1907 810 1939 extremis
826 1907 929 1949 positi,
949 1907 1106 1939 sanitateh.

284 1986 293 1997 ‘³
307 1981 367 2012 Cap.
384 1989 419 2010 14
443 2012 445 2015 .
583 1983 589 1996 ²
606 1981 666 2011 Cap.
683 1989 717 2011 19.
1015 1986 1024 2001 Y
1037 1982 1097 2012 Cap.
1111 1989 1147 2004 22.
1348 1982 1358 1996 *¹
1372 1982 1430 2012 Cap.
1446 1989 1482 2010 ²7-

285 2023 364 2054 neap.
380 2030 414 2053 15-
584 2028 595 2038 ¹¹
606 2023 666 2054 Cap.
683 2031 718 2054 ¹9·
1015 2029 1021 2038 ²
1038 2023 1098 2054 Cap.
1113 2030 1149 2053 23.
1349 2028 1358 2038 ‘²
1373 2024 1433 2053 Cap.
1446 2024 1482 2045 28.

284 2070 294 2085 ‘1
307 2065 368 2095 Cap.
383 2064 419 2088 16.
585 2071 594 2079 ⁸*
604 2066 664 2096 Cap.
679 2073 715 2088 20.
1015 2070 1024 2080 ἢ
1038 2067 1097 2096 Cap.
1113 2074 1148 2095 ²4-
1350 2066 1358 2080 s
1374 2066 1433 2095 (sap.
1449 2073 1485 2095 29.

284 2115 290 2124 ¹
306 2109 367 2140 Cap.
384 2117 419 2138 ¹7·
586 2109 766 2141 wAppendage
775 2113 803 2133 to
815 2117 870 2141 cap.
881 2117 909 2132 20
919 2109 948 2132 B.
1015 2109 1025 2124 b
1038 2109 1098 2140 Cap.
1112 2116 1148 2138 25.
1348 2114 1359 2129 ς
1372 2108 1432 2138 Cap.
1448 2115 1484 2137 30,

282 2155 290 2166 ⁸
305 2152 364 2181 Cap.
382 2151 416 2173 18.
585 2156 594 2166 ¹
606 2152 666 2182 Cap.
681 2159 718 2175 zi.
1014 2155 1022 2165 <³
1036 2151 1095 2181 Cap.
1111 2150 1147 2173 26.
1348 2150 1359 2165 *¹
1373 2151 1433 2181 Cap.
1448 2157 1483 2179 31·
