1914 2518
176 200 235 220 cn.
253 191 313 229 23·]
660 182 812 219 Auctore
828 183 1055 220 Adamnano.
1479 196 1522 227 24
1532 197 1543 218 1

228 280 318 311 PosT
329 280 441 311 horum
453 280 613 311 trinalium
628 280 794 312 lectionem
810 281 997 318 libellorum,
1011 281 1143 324 quisque
1160 281 1294 324 diligens
1307 287 1437 313 annotet
1452 282 1550 314 lector

173 335 283 375 quanti
306 340 337 365 et
364 334 464 375 qualis
490 334 593 365 meriti
620 339 746 366 sanctus
772 345 853 376 saepe
876 346 970 376 supra
993 340 1184 366 memoratus
1206 335 1320 376 praesul
1342 336 1546 372 venerandus,

175 392 313 428 ¹quantae
336 392 368 418 et
393 387 493 428 qualis
515 387 600 428 apud
623 386 729 418 Deum
753 387 1000 419 honorificentiae
1025 388 1122 419 fuerit
1144 388 1342 425 ²aesti1natus,
1370 394 1495 429 quantae
1518 396 1549 420 et.

172 440 280 481 quales
295 439 442 481 angelioae
457 440 497 470 ad
512 440 625 481 ipsum,
643 445 676 472 et
691 440 853 472 luminosae
868 441 1147 482 frequentationes,
1163 440 1300 476 fuerint3
1325 446 1443 482 quanta
1466 442 1497 472 in
1513 453 1549 473 eo

172 493 362 535 prophetalis
384 493 496 534 gratia,
520 499 638 534 quanta
659 494 788 525 dialium
811 494 977 526 efficientia
992 494 1166 530 virtutum3
1192 500 1310 535 quanta
1325 500 1357 526 et
1372 506 1467 535 quam
1489 495 1550 525 fre-

172 558 271 588 quens
301 558 373 578 eum
399 547 497 578 divini
523 547 649 578 luminis
678 547 832 580 claritudo
857 549 889 579 in
913 560 1005 580 carne
1027 548 1152 580 mortali
1174 548 1278 580 adhue
1304 553 1548 579 commorantem

172 601 425 637 circumfulserit3
441 613 521 642 quae,
534 601 629 632 etiam
641 607 712 644 post
727 613 886 643 egressum
901 601 1011 632 animae
1023 601 1062 633 de
1074 601 1275 633 tabernaculo
1287 600 1424 642 corporis
1436 600 1550 630 ³almis—

171 655 267 691 simae,
293 654 385 686 sicuti
409 654 596 695 quibusdam
621 655 728 686 electis
744 660 904 686 ostensum
920 655 1054 686 habetur
1078 660 1284 696 compertum,
1310 654 1414 685 locum
1434 654 1466 684 in
1486 665 1549 694 quo

170 707 266 748 ipsius
289 712 395 738 sancta
418 712 552 748 pausant
576 713 660 738 ossa¹·
684 719 783 748 usque
807 708 899 739 hodie
924 708 1033 739 eadem
1055 707 1188 739 coelestis
1211 707 1335 738 claritas
1350 707 1549 748 frequentare

171 772 233 792 non
248 766 357 797 cessat,
376 766 406 792 et
423 766 602 792 sanctorum
617 761 764 802 frequens
781 760 919 792 visitatio
934 761 1129 803 angelorum.
1175 760 1220 792 Et
1241 761 1309 792 haec
1331 760 1426 792 etiam
1449 761 1549 792 eidem

170 814 269 844 beatae
285 813 442 844 memoriae
458 813 525 845 viro
541 825 559 845 a
575 813 645 845 Deo
660 826 722 845 non
745 814 909 846 mediocris
929 820 978 846 est
993 814 1107 846 collata
1122 814 1233 856 gratia,
1261 826 1323 856 qua
1345 825 1459 845 nomen
1482 815 1548 856 ejus

170 877 231 896 non
249 872 373 897 tantum
388 877 443 907 per
469 872 567 898 totam
584 872 722 898 nostram
747 867 907 905 Scotiainc,
933 874 966 899 et
991 868 1131 899 omnium
1148 869 1246 898 totius
1270 867 1353 898 orbis
1377 867 1549 898 insularum

171 918 338 949 maximam
366 918 572 955 Britanniam,
600 919 682 950 clare
708 919 865 962 divulgari
888 920 1071 961 promeruit,
1097 920 1129 950 in
1152 919 1210 951 hac
1236 931 1333 962 parva
1356 925 1389 951 ct
1411 926 1550 951 extrema

171 971 277 1002 oceani
293 971 467 1003 Britannici
490 975 712 1004 commoratusd
737 974 857 1010 insula;
881 974 936 1005 sed
951 974 1045 1005 etiam
1061 974 1101 1005 ad
1124 974 1295 1015 trigoname
1318 985 1417 1014 usque
1434 974 1550 1015 Hispa-

171 1025 264 1061 niam,
289 1032 321 1056 et
342 1025 471 1063 Gallias,
497 1032 528 1057 et
555 1026 638 1057 ultra
664 1027 778 1068 *Alpes
801 1026 964 1058 ⁶Peninass
988 1027 1112 1058 Italiam
1138 1027 1229 1058 sitam
1255 1027 1428 1068 pervenire,
1452 1028 1550 1068 ipsam

171 1088 297 1118 quoque
313 1077 487 1108 Romanam
500 1078 670 1116 civitatem,
682 1090 752 1120 quae
767 1085 861 1121 caput
877 1084 925 1111 est
940 1079 1080 1111 omnium
1096 1079 1270 1111 civitatum.
1292 1079 1416 1110 Tantus
1432 1085 1463 1111 et
1479 1080 1549 1110 talis

171 1129 469 1161 honor⁶noseibilisg
485 1130 585 1162 eidem
601 1130 716 1162 Sancto
732 1131 814 1162 inter
825 1136 949 1163 ⁷ceterae
961 1131 1076 1163 divinae
1086 1132 1263 1163 donationis
1274 1143 1403 1163 munera
1414 1133 1551 1164 condon-

174 1188 243 1212 atus
265 1181 361 1213 scitur
379 1194 398 1213 a
414 1182 494 1220 Deo,
511 1183 566 1224 qui
582 1195 614 1215 se
630 1184 796 1226 diligentes
812 1190 906 1223 amat,
929 1191 961 1216 et
976 1196 1028 1216 eos
1044 1186 1097 1227 qui
1114 1197 1185 1217 eum
1201 1186 1333 1228 Ssapidis
1348 1186 1551 1228 magnificant

174 1235 319 1267 laudibus
343 1236 442 1278 magis
465 1247 500 1268 ac
526 1237 627 1278 magis
649 1237 836 1278 glorificans,
862 1238 1021 1269 immensis
1049 1238 1198 1269 sublimat
1221 1239 1402 1274 honoribus,
1426 1239 1480 1281 qui
1503 1246 1549 1271 est

175 1289 357 1320 benedictus
372 1290 404 1320 in
420 1290 541 1321 saecula.
588 1291 705 1322 Amen.

225 1376 252 1390 ¹2
269 1383 311 1397 om.
331 1376 421 1397 incuria
442 1376 618 1404 transcriptor-is
638 1376 703 1404 Colg.
722 1376 783 1399 Boll.
866 1378 874 1392 ³
891 1376 1041 1399 sanctissimae
1060 1377 1084 1400 B.

174 1410 183 1423 s·
196 1407 298 1429 nocibilis
311 1408 338 1429 1¹1.
405 1409 413 1422 ⁷
427 1412 501 1430 cetera
515 1408 540 1430 B.
607 1411 617 1423 ὃ
629 1415 671 1430 om.
685 1409 710 1430 Β.

1164 1378 1171 1393 4
1190 1376 1254 1405 alpas
1274 1377 1300 1399 B.
1385 1379 1394 1393 ⁵
1410 1377 1501 1405 pininas
1520 1377 1547 1399 A.

207 1483 216 1495 ἲ·
231 1480 322 1504 Sancta
331 1486 437 1511 pausant
450 1481 613 1505 ossa—This
626 1481 708 1504 would
720 1489 806 1513 prove.
818 1482 840 1504 if

174 1523 250 1554 proof
260 1530 326 1545 were
338 1524 462 1554 wanting,
481 1523 537 1546 that
555 1523 626 1547 these
640 1524 758 1555 memoirs
771 1532 836 1547 were

174 1564 266 1588 earlier
275 1565 337 1589 than
345 1566 387 1589 the
397 1565 469 1588 ninth
478 1568 593 1596 century,
601 1565 641 1588 for
650 1565 687 1588 St.
695 1565 836 1588 Columba's

174 1609 251 1632 bones
264 1617 330 1632 were
343 1609 477 1632 enshrined
490 1609 576 1632 before
586 1609 643 1632 that
656 1609 724 1632 time.

208 1657 215 1663 ⁷·
229 1650 346 1674 Nostram
363 1651 581 1675 scaritum-This
597 1654 665 1674 must
679 1651 710 1674 be
725 1651 835 1677 Irelaud,

176 1693 215 1716 sor
229 1693 330 1717 Britain
345 1693 366 1716 is
385 1693 529 1716 mentioned
541 1693 713 1724 immediately
726 1693 794 1717 after
809 1701 837 1716 as

176 1744 191 1758 a
203 1735 309 1759 distinct
320 1735 410 1758 island.
442 1736 464 1759 It
478 1735 498 1758 is
511 1735 661 1758 observable
673 1735 731 1758 that
744 1734 838 1758 Adam-

175 1785 233 1805 nan,
245 1777 341 1809 though
350 1777 429 1809 living
438 1778 463 1800 in
474 1777 522 1809 Hy,
533 1776 726 1808 acknowledges
737 1775 838 1800 Ireland

176 1823 203 1843 to
216 1820 246 1842 be
258 1820 296 1843 his
309 1823 424 1851 country.

208 1863 217 1877 ⁴¹
231 1862 459 1885 (immantatus—A
472 1861 533 1885 kind
551 1862 580 1885 of
594 1861 748 1885 nominative
766 1861 838 1884 abso—

175 1908 237 1933 lute,
249 1907 330 1930 which
340 1907 383 1930 the
395 1906 552 1930 Bollandists
564 1907 663 1937 change
672 1910 699 1930 to
710 1914 838 1930 commora-

176 1954 222 1976 tur,
235 1950 361 1980 inserting
374 1951 424 1971 Nan
435 1951 494 1972 enim
508 1948 593 1972 before
606 1949 630 1971 in
643 1948 694 1972 hac.

207 1999 215 2007 ⁴²
229 1991 520 2023 Trigonum-AEthicus
529 1991 569 2021 (so
579 1990 670 2020 called)
679 1990 733 2014 also
742 1990 838 2021 applies

175 2035 227 2057 this
247 2038 312 2058 term
333 2038 360 2058 to
375 2034 460 2065 Spain,
481 2034 561 2057 which
581 2041 650 2057 more
665 2033 785 2065 properly
797 2033 838 2056 be-

175 2077 249 2108 longs
261 2080 288 2100 to
302 2076 389 2107 Sicily:
411 2080 428 2089 ‘⁴
438 2076 562 2107 Hispania
573 2076 694 2099 universa
710 2078 839 2098 terrarum

176 2119 227 2142 situ
242 2118 535 2150 trigona.’'—Cosmogr.
559 2118 692 2149 (Pompon.
714 2117 795 2146 Melae‚
812 2126 836 2148 p.

176 2169 228 2191 729,
249 2160 293 2185 Ed.
311 2161 421 2184 Gronov.
445 2160 526 2192 Lugd.
550 2160 607 2184 Bat.
629 2162 708 2190 1722.)
744 2159 838 2183 Strabo

888 1490 955 1505 more
968 1482 1095 1514 correctly
1108 1481 1238 1506 describes
1254 1482 1331 1513 Spain
1344 1489 1372 1505 as
1382 1481 1466 1512 βύρσῃ
1478 1482 1550 1511 βοείᾳ

888 1525 1369 1557 παραπλησίω-δεῦρ’,1ἰὶ).ἰί.(νο1.ἱ.
1380 1532 1420 1556 pp.
1432 1526 1482 1554 138,
1500 1526 1549 1555 189,

889 1575 941 1595 200,
955 1568 1038 1591 Amst.
1055 1568 1134 1598 1707.)

920 1610 927 1624 s
938 1609 1015 1640 Alpes
1032 1608 1254 1633 Peuinas.—Both
1270 1609 1342 1632 these
1362 1607 1445 1631 words
1464 1616 1507 1631 are
1526 1608 1554 1631 of

888 1651 971 1674 Celtic
984 1651 1073 1683 origin.
1110 1651 1175 1681 (1pr
1186 1651 1207 1674 is
1221 1659 1253 1674 an
1266 1651 1334 1674 lrish
1346 1650 1416 1673 word
1429 1650 1551 1681 denoting

888 1700 903 1716 a
917 1697 923 1706 ‘
932 1696 1008 1724 great
1020 1700 1087 1716 mass
1096 1692 1111 1720 ;’
1123 1692 1173 1716 and
1182 1700 1218 1715 we
1231 1692 1295 1716 have
1308 1700 1323 1715 a
1334 1692 1465 1715 mountain
1474 1692 1498 1714 in
1508 1692 1551 1715 the

888 1735 974 1766 parish
983 1734 1179 1763 ofKilcommon,
1188 1733 1238 1757 and
1246 1737 1339 1765 county
1347 1733 1464 1765 osMayo‚
1471 1733 1552 1757 called

890 1775 971 1800 Slieve
978 1775 1045 1807 Ailp.
1065 1776 1120 1799 The
1130 1776 1196 1799 Irish
1206 1783 1275 1800 cerm
1286 1775 1430 1799 sometimes
1439 1783 1552 1799 assumes

888 1819 931 1842 the
943 1819 1009 1842 form
1021 1819 1092 1843 beon
1106 1826 1134 1842 or
1146 1819 1201 1845 hm,
1212 1820 1297 1848 pinna,
1310 1818 1392 1842 which
1405 1826 1515 1850 appears
1527 1818 1553 1841 in

890 1861 974 1884 Welsh
983 1860 1144 1892 aspenn,and
1152 1861 1225 1892 gives
1232 1864 1259 1884 to
1267 1868 1282 1884 a
1290 1861 1393 1892 portion
1402 1860 1430 1884 of
1437 1860 1480 1884 the
1487 1860 1551 1891 Alps

889 1903 932 1926 the
944 1911 1017 1926 name
1029 1903 1054 1926 iu
1066 1903 1109 1926 the
1121 1905 1185 1926 text.
1222 1903 1268 1926 See
1282 1902 1413 1927 O'Brien's
1426 1902 1459 1925 Ir.
1473 1902 1550 1930 Dici„

890 1945 957 1968 Pref.
971 1953 993 1976 p.
1005 1946 1033 1968 28
1045 1945 1093 1976 (ed.
1108 1945 1186 1976 1832).
1216 1945 1303 1968 Hence
1315 1945 1370 1969 also
1383 1946 1535 1977 Apenninus.

920 1987 1130 2011 :Noscibilis-i
1144 1996 1156 2010 2
1171 1988 1207 2019 (p.
1224 1988 1264 2019 18)
1274 1996 1354 2018 supra.
1384 1988 1440 2011 The
1452 1988 1553 2019 foreign

888 2031 989 2054 writers
1001 2031 1030 2054 of
1038 2031 1110 2062 early
1122 2031 1182 2054 date
1194 2031 1250 2054 who
1262 2031 1327 2054 have
1338 2031 1441 2055 noticed
1454 2031 1490 2055 St.
1505 2032 1552 2055 Co-

889 2073 973 2097 lumba
991 2081 1035 2097 are
1048 2073 1125 2101 Bede,
1141 2073 1242 2103 Alcuiu,
1259 2073 1418 2097 Walasridus
1432 2074 1549 2101 Strabus,

888 2116 938 2139 and
949 2116 1049 2139 Notker
1058 2115 1190 2143 Balhulus,
1201 2115 1247 2140 but
1256 2115 1316 2148 they
1326 2124 1370 2140 are
1382 2115 1416 2140 all
1426 2117 1553 2147 posterior

888 2162 916 2182 to
929 2158 1072 2183 Adamnan.

837 2201 890 2233 21
