1914 2518
679 186 712 221 A
722 194 830 223 actore
847 186 1077 222 Adamnano.

188 205 251 224 car.
268 196 311 235 9.]
1513 200 1523 221 1
1538 200 1546 221 1
1558 199 1577 233 7

186 283 334 316 videlieet
356 284 492 322 libellus,
515 296 533 315 a
555 284 711 315 Natalitio
733 284 865 315 Domini
885 295 986 325 usque
1002 284 1042 315 ad
1058 283 1259 315 Paschalium
1275 284 1579 315 consummationem

185 336 307 367 dierum
319 336 352 367 in
364 336 454 377 aquis
469 348 665 378 permanens,
680 342 790 378 postea
805 337 837 367 in
853 337 921 378 ripa
935 336 1074 367 fluminis
1086 348 1104 367 a
1119 336 1244 367 feminis
1260 336 1450 377 quibusdam
1462 336 1579 367 ibidem

185 389 460 420 deambulantibus
483 394 638 430 repertus,
664 390 704 420 ad
725 389 884 430 quendam
901 389 1113 431 Iogenanumd
1137 389 1369 430 presbyterum,
1395 393 1491 430 gente
1508 388 1580 420 Pie-

185 447 276 479 tum²‚
291 443 380 483 eujus
392 443 479 484 prius
491 443 572 484 juris
589 448 665 480 erat,
683 443 716 474 in
732 444 853 480 eodem,
876 455 940 475 non
962 443 1064 474 solum
1083 443 1270 480 madefacto,
1288 442 1343 474 sed
1360 442 1455 473 etiam
1472 448 1580 483 putre—

185 492 279 530 facto,
305 498 450 534 portatur
474 494 609 525 saeculo.
655 494 761 534 Quem
788 494 908 526 seilicet
934 494 1093 525 sacculum
1117 494 1201 525 idem
1218 494 1399 536 Iogenanus
1426 494 1578 535 aperiens,

187 559 279 578 suum
299 547 517 589 incorruptum
533 548 676 579 libellum
696 548 829 584 invenit,
853 554 884 579 et
907 548 951 579 ita
968 548 1105 578 nitidum
1122 554 1154 578 et
1171 548 1299 585 siceum,
1317 559 1352 578 ao
1369 547 1394 578 si
1409 547 1440 578 in
1466 547 1580 578 scrinio

186 605 275 631 tanto
291 600 512 641 permansisset
528 606 679 642 tempore,
707 606 739 632 et
764 612 927 642 nunquam
948 601 980 631 in
996 612 1093 642 aquas
1109 601 1284 632 cecidisset.
1334 601 1397 633 Sed
1413 606 1445 631 et
1461 600 1521 631 alia
1541 601 1580 631 de

184 652 271 684 libris
287 663 382 683 manu
399 653 498 684 sancti
511 653 676 685 Columbae
693 653 874 684 ²caraxatisf
888 653 1001 684 similia
1016 655 1055 684 ab
1071 653 1210 695 expertis
1233 653 1451 684 indubitanter
1471 652 1582 684 didici-

184 716 254 736 mus
269 704 301 735 in
316 704 447 736 diversis
463 711 533 737 aeta
548 705 642 737 locis:
668 706 723 747 qui
740 706 859 737 scilieet
880 706 963 743 libri,
988 706 1020 737 in
1041 706 1131 747 aquis
1152 706 1256 743 mersi,
1281 706 1370 737 nullo
1394 705 1488 737 modo
1512 716 1581 736 cor-

184 757 288 798 rumpi
308 762 464 799 potuereg.
503 757 555 789 De
571 762 676 799 ³supra
691 764 864 790 memorato
880 770 954 790 vero
978 758 1148 800 ⁴Iogenani
1161 759 1239 789 libro
1262 770 1279 789 a
1300 759 1375 789 viris
1391 758 1581 800 quibusdam

185 810 349 841 veracibus
370 816 403 842 et
426 811 574 852 perfectis
596 811 735 852 bonique
758 811 942 849 testimonii,
970 811 1037 843 sine
1061 811 1126 842 ulla
1150 811 1369 853 ambiguitate,
1396 811 1580 843 relationem

556 894 566 909 Ξ
576 893 686 915 craxatis.

185 965 241 988 dem
255 973 340 989 vaccae
348 965 464 994 adhaesit,
478 969 504 989 et
514 966 550 989 sic
561 973 640 989 vacca
652 966 677 989 in
690 966 754 997 pede
764 965 856 990 cetham

184 1007 267 1031 traxit
279 1015 365 1031 secum
382 1007 415 1030 ad
427 1010 533 1034 terram,
554 1012 581 1031 et
598 1008 717 1031 inventus
735 1012 775 1031 est
793 1008 858 1031 liber

184 1049 311 1081 evangelii
324 1050 349 1072 in
367 1049 436 1073 cetha
449 1049 553 1081 pellicea
567 1050 713 1080 putrefacta
730 1050 813 1073 siccus
831 1054 857 1074 et

185 1092 273 1116 aridus
286 1097 364 1123 atque
383 1092 507 1116 candidus
529 1093 582 1115 sine
598 1092 650 1116 ullo
666 1092 770 1115 humore
788 1100 818 1116 ac
837 1093 858 1115 si

185 1134 303 1158 conditus
312 1137 380 1158 esset
390 1134 414 1157 in
421 1134 635 1158 biblioteca.''—c.
644 1142 671 1164 27
679 1134 751 1165 (Cod.
760 1134 856 1158 Marsh.

187 1176 229 1200 sol.
243 1184 284 1206 ¹47
299 1186 313 1200 a
323 1177 360 1208 a.)
381 1178 394 1190 ‘⁴
405 1177 429 1200 S.
444 1177 574 1200 Kiaranus
587 1177 719 1200 benedixit
730 1177 857 1201 fratribus

187 1219 246 1248 suis,
265 1222 292 1242 et
309 1218 436 1250 accipiens
449 1218 532 1242 cethus
549 1226 608 1242 suas
621 1226 677 1241 cum
691 1218 762 1241 libris
775 1218 799 1241 in
812 1218 857 1241 hu-

187 1262 271 1289 meris,
279 1262 394 1293 perrexit
406 1261 560 1285 iude.''—Ib.
573 1269 593 1285 c.
604 1269 641 1291 25.
670 1261 746 1291 (llud.
760 1261 801 1284 sol.
814 1261 857 1290 146

186 1303 243 1335 bb.)
282 1303 379 1334 “Ignis
395 1310 445 1326 non
465 1310 541 1326 ausus
562 1307 603 1326 est
621 1306 722 1334 partem
741 1310 815 1326 urere
833 1303 858 1325 in

187 1353 237 1377 qua
249 1353 335 1376 squesa
349 1353 405 1369 cum
417 1345 490 1369 libris
503 1346 587 1369 sancti
601 1345 649 1368 viri
662 1345 770 1368 sueratl‘
804 1344 857 1368 vit.

188 1389 212 1412 S.
226 1388 368 1415 Cainnichi,
391 1396 412 1411 c.
433 1396 459 1418 3¹
482 1389 518 1419 (p.
533 1396 567 1420 19,
581 1387 620 1412 ed.
636 1388 721 1418 Orm.)
758 1390 772 1400 “
785 1387 859 1411 Dixit

188 1431 309 1457 Sanetus,
330 1430 384 1453 Nos
402 1430 477 1453 ambo
489 1437 575 1453 eamus
594 1430 619 1453 in
633 1430 699 1453 viam
712 1433 737 1453 et
751 1437 859 1460 squesmn

187 1476 303 1497 nostram
325 1481 382 1496 cum
407 1473 479 1496 libris
503 1472 584 1496 deduc
608 1472 717 1496 tecum.”
755 1472 858 1503 Again:

189 1521 207 1531 “
218 1516 309 1540 Libros
323 1516 353 1540 de
365 1524 452 1547 squesa
465 1524 552 1547 prome
569 1519 595 1540 et
607 1523 652 1539 nos
668 1515 771 1539 interim
789 1515 859 1547 lega-

186 1559 265 1582 mus.”
297 1558 335 1582 Ib.
349 1566 371 1582 c.
387 1566 427 1589 53.
459 1558 511 1588 (Ιὸ.
525 1566 548 1589 p.
564 1558 617 1588 32.)
654 1561 671 1571 ‘⁴
685 1558 756 1582 Duas
777 1557 860 1582 cethus

185 1601 259 1625 libris
277 1601 367 1632 plenas
385 1601 437 1624 suis
449 1600 562 1623 humeris
575 1600 718 1631 imposuit‚”
759 1600 811 1624 Vit.
832 1601 857 1624 S.

189 1644 313 1668 Cartbaci
335 1644 409 1673 (Act.
430 1644 474 1667 SS.
496 1643 565 1671 Maii,
582 1646 642 1666 tom.
662 1643 696 1666 iii.
718 1651 741 1674 p.
760 1643 806 1673 380
824 1643 859 1673 11).

190 1686 310 1718 Reliques
330 1687 384 1710 also
402 1694 469 1709 were
481 1686 582 1710 carried
595 1687 619 1709 in
638 1687 710 1710 these
729 1686 858 1710 satchels:

190 1731 204 1742 ¹·
215 1728 341 1760 Aperiens
350 1728 404 1759 jam
419 1729 445 1752 S.
456 1728 567 1752 Fiachra
584 1733 672 1752 scetam
686 1736 757 1752 suam
770 1728 802 1752 ad
816 1728 860 1752 du-

189 1770 297 1794 cendum
325 1770 383 1794 inde
406 1770 499 1794 librum
521 1770 652 1802 baptismi,
675 1770 809 1794 brachium
833 1771 860 1795 S.

192 1813 321 1845 Comgalli
334 1814 359 1837 in
375 1813 461 1837 a'e'rem
473 1821 575 1837 sursum
586 1813 710 1837 velociter
722 1813 862 1837 avolavit.”

191 1856 244 1880 vit.
266 1856 290 1880 S.
311 1855 446 1887 Comgalli,
471 1863 491 1879 c.
513 1863 553 1885 50.
583 1855 721 1887 (Fleming,
744 1855 859 1884 Collect,

189 1906 213 1929 p.
231 1905 276 1928 3¹3
293 1899 332 1929 a.)
369 1897 433 1921 This
445 1897 498 1921 last
510 1905 622 1929 passage
637 1897 659 1921 is
677 1897 721 1921 the
739 1897 798 1929 only
816 1905 860 1921 au-

189 1940 289 1972 thority
311 1940 351 1963 sor
374 1939 418 1963 the
442 1939 513 1963 word
535 1940 561 1963 in
585 1940 626 1963 Du
649 1940 748 1971 Cange.
791 1939 815 1963 It
838 1939 860 1963 is

191 1982 291 2014 worthy
314 1982 342 2005 of
363 1982 448 2005 notice
469 1982 525 2005 that
547 1982 572 2005 in
594 1981 722 2013 Sulpicius
744 1982 861 2006 Severus'

191 2024 300 2048 Preface
318 2027 346 2048 to
362 2024 402 2047 his
422 2023 478 2047 Life
494 2023 523 2048 of
533 2024 570 2048 St.
588 2024 694 2052 Martin,
715 2023 799 2047 where
817 2023 860 2047 the

189 2066 293 2097 printed
310 2069 367 2090 text
378 2065 522 2093 reads,—“
534 2066 660 2090 Libellum
673 2074 747 2098 quem
759 2066 790 2089 de
806 2066 861 2090 vita

192 2109 218 2133 S.
235 2109 343 2132 Martini
362 2109 518 2140 scripseram
542 2108 631 2132 scheda
657 2116 703 2132 sua
723 2109 862 2140 premere‚'’

193 2151 287 2182 (Horu.
300 2159 317 2183 p
340 2151 408 2182 483),
428 2151 471 2175 the
488 2150 561 2175 Book
574 2150 602 2174 of
615 2150 732 2183 Armagb
745 2158 803 2174 uses
816 2150 860 2174 the

737 893 746 906 ³
758 894 951 921 supramemorati
966 893 994 916 Β.

1046 894 1055 910 4
1068 895 1181 923 eugenani
1192 895 1222 916 A.

907 974 978 990 more
990 967 1139 998 significant
1151 970 1217 990 term
1230 966 1312 990 scezlza
1326 966 1380 997 (fol.
1395 974 1435 997 191
1451 968 1506 995 aa).
1534 966 1581 988 See

907 1009 951 1032 the
964 1009 1065 1032 curious
1084 1009 1197 1032 mention
1214 1008 1243 1031 of
1253 1010 1333 1039 [¹031]
1346 1008 1372 1031 iu
1390 1008 1433 1031 the
1451 1007 1543 1038 legend
1556 1007 1584 1030 of

909 1051 1066 1082 Longaradh
1086 1050 1199 1081 (Todd's
1218 1050 1315 1074 Introd.
1334 1054 1361 1073 to
1375 1049 1447 1073 Book
1466 1049 1494 1072 of
1504 1049 1581 1073 Obits

908 1093 937 1116 of
946 1093 974 1117 C.
988 1094 1026 1120 G,
1047 1101 1070 1124 p.
1081 1093 1171 1123 lxxi.);
1191 1094 1257 1116 from
1278 1093 1359 1115 which
1380 1093 1399 1115 it
1421 1100 1479 1123 may
1496 1092 1527 1115 be
1545 1092 1581 1114 in-

908 1135 994 1158 ferred
1012 1135 1070 1158 that
1088 1135 1148 1166 they
1169 1135 1231 1158 used
1251 1139 1278 1158 to
1298 1135 1329 1158 be
1349 1135 1419 1166 hung
1437 1142 1470 1165 up
1493 1134 1517 1157 in
1538 1134 1582 1157 the

907 1185 1014 1201 manner
1025 1177 1131 1208 already
1143 1177 1295 1200 mentioned.

940 1225 948 1235 0
962 1219 1231 1251 Layimrum-From
1243 1220 1350 1249 Lurgen,
1368 1224 1374 1232 ⁸
1384 1207 1517 1242 Leiflfferff

940 1263 950 1277 ¹³
964 1261 1217 1293 hyematum-The
1241 1269 1314 1284 name
1338 1261 1366 1284 of
1387 1261 1456 1292 King
1478 1260 1582 1284 AEdan's

909 1311 961 1327 son.
998 1304 1045 1327 See
1058 1304 1091 1327 iii.
1104 1311 1127 1333 5,
1143 1304 1217 1335 i'isffl·
1255 1303 1302 1326 We
1320 1307 1386 1326 meet
1396 1302 1546 1334 Enyeuanus
1558 1302 1583 1325 in

909 1347 952 1370 the
966 1347 1014 1370 An.
1029 1346 1081 1370 Ult.
1097 1347 1151 1377 ⁶59,
1165 1346 1220 1377 691,
1234 1354 1288 1376 700.

941 1394 950 1404 Ρ
967 1388 1178 1412 Pictum—Here
1202 1396 1238 1411 we
1262 1388 1314 1411 find
1338 1395 1353 1411 a
1375 1387 1474 1411 Pictish
1501 1387 1583 1418 priest

909 1430 990 1461 living
1003 1431 1028 1453 in
1045 1430 1171 1454 Leinster.
1207 1429 1351 1453 Dalaradia
1364 1437 1416 1452 was
1432 1429 1476 1452 the
1488 1436 1582 1460 proper

909 1473 1000 1504 region
1021 1472 1049 1496 of
1066 1473 1110 1496 the
1129 1473 1201 1496 Picts
1219 1473 1244 1496 in
1263 1472 1382 1499 1reland;
1402 1479 1438 1495 we
1457 1479 1501 1495 are
1518 1471 1581 1499 told,

910 1516 1035 1544 however,
1054 1515 1083 1539 of
1100 1523 1133 1538 an
1151 1515 1223 1546 early
1243 1514 1393 1538 settlement
1416 1514 1446 1537 of
1463 1514 1534 1537 Picts
1557 1514 1582 1536 in

910 1557 1077 1588 Breghmagh
1090 1557 1115 1580 in
1133 1557 1230 1581 Meath.
1267 1556 1403 1587 (Keating,
1418 1555 1487 1579 Hist.
1502 1555 1551 1578 vol.
1564 1555 1580 1579 i.

910 1607 934 1631 p.
953 1600 1006 1630 318,
1027 1599 1065 1623 ed.
1087 1599 1222 1630 Haliday.)
1260 1597 1390 1629 Eocliaiylz
1412 1597 1533 1621 Iarlaithe
1554 1605 1581 1628 ῃι

911 1642 1038 1672 Οῐηιιὲῐιθ
1060 1642 1151 1666 miehi
1177 1641 1235 1672 [rex
1259 1641 1391 1664 Pictorum
1415 1639 1580 1671 Midensium]

911 1688 1019 1707 mortuus
1031 1688 1074 1707 est.
1110 1684 1185 1715 Tigh.
1200 1684 1254 1707 666.

946 1727 954 1742 s
964 1726 1192 1750 Gauzanitis—See
1202 1729 1262 1748 note
1271 1726 1289 1753 d,
1300 1725 1342 1748 Pr.
1354 1733 1363 1748 1
1373 1725 1409 1756 (p.
1421 1725 1447 1754 4)
1456 1732 1540 1756 supra.

943 1774 954 1789 8
966 1767 1316 1800 Corrumpipotnere.—This
1326 1767 1409 1790 virtue
1421 1766 1450 1789 of
1459 1766 1583 1797 resisting

911 1810 955 1834 the
967 1810 1091 1834 influence
1103 1810 1132 1833 of
1142 1813 1224 1833 water
1236 1817 1297 1837 was,
1312 1809 1440 1835 however,
1455 1808 1583 1839 supposed

911 1855 939 1877 to
951 1852 1034 1876 reside
1045 1852 1178 1884 generally
1191 1852 1217 1875 in
1229 1851 1273 1875 the
1286 1851 1404 1882 writings
1417 1850 1446 1874 of
1455 1850 1498 1874 the
1510 1849 1583 1881 early

912 1895 979 1919 Irish
998 1895 1088 1922 saints,
1110 1894 1159 1918 and
1177 1893 1276 1917 formed
1296 1901 1342 1916 one
1361 1893 1389 1917 of
1399 1893 1442 1916 the
1460 1892 1583 1924 standing

911 1937 1026 1969 subjects
1039 1937 1078 1960 for
1091 1936 1197 1968 legends
1213 1936 1238 1959 in
1254 1935 1298 1959 the
1316 1935 1454 1967 compiling
1472 1934 1501 1958 of
1515 1935 1583 1958 their

912 1980 997 2004 Lives⁴
1027 1979 1108 2007 Thus,
1124 1980 1161 2004 St.
1174 1979 1293 2002 Kiaran's
1305 1986 1369 2009 cop.)¹
1380 1977 1409 2001 of
1417 1978 1460 2001 the
1473 1977 1584 2009 Gospels

910 2022 954 2046 fell
967 2022 1021 2046 into
1034 2030 1050 2046 a
1061 2021 1128 2049 lake,
1148 2021 1199 2045 and
1211 2020 1342 2045 remained
1355 2020 1428 2044 there
1440 2020 1480 2044 till
1495 2020 1517 2044 it
1530 2028 1582 2044 was

911 2063 1025 2095 brought
1043 2066 1087 2087 out
1105 2063 1249 2095 uninjured,
1271 2062 1398 2094 adhering
1417 2065 1445 2085 to
1463 2061 1507 2085 the
1527 2061 1583 2086 foot

911 2106 940 2130 of
949 2115 965 2130 a
977 2114 1038 2135 cow,
1058 2106 1139 2130 which
1153 2109 1220 2130 went
1232 2105 1258 2129 in
1278 2108 1306 2129 to
1319 2105 1373 2128 eool
1393 2104 1492 2128 herself
1506 2104 1581 2135 (Cod.

912 2148 1009 2172 Marsh.
1023 2147 1065 2172 fol.
1082 2155 1123 2179 147
1137 2147 1192 2179 aa).
1223 2147 1261 2172 St.
1274 2147 1398 2172 Cronan’s
1416 2146 1526 2178 Gospels
1539 2146 1583 2170 fell
