1859 2527
296 153 366 199 380

800 151 1012 188 Adclitz'onal
1027 152 1148 190 Notes.
1633 163 1673 202 [ο.

430 251 583 274 nominandus
595 255 659 280 pater
670 258 696 274 ac
708 251 812 274 sacerdos
823 251 943 281 Ecgberct,
956 253 1023 282 cujus
1034 253 1137 282 superius
1152 253 1286 276 memoriam
1298 253 1382 282 saepius
1396 253 1499 281 fecimus,
1515 253 1637 276 honorifice
1648 254 1678 276 ab

429 295 462 317 eis
474 298 496 317 et
507 294 580 316 multo
591 301 644 316 curn
656 293 741 322 gaudio
752 297 871 321 susceptus
881 296 922 315 est.
942 293 987 320 Qui
996 295 1104 322 quoniam
1116 298 1139 316 et
1150 294 1229 316 doctor
1240 294 1396 322 suavissimus,
1409 298 1432 317 et
1443 302 1521 317 eornm
1530 302 1581 324 quae
1590 295 1679 324 agenda

430 338 527 360 docebat
542 339 592 359 erat
608 340 730 358 exsecutor
746 335 913 360 devotissimus.
929 335 1026 357 libenter
1046 336 1138 358 auditus
1155 336 1185 357 ab
1202 335 1321 361 universis,
1340 336 1475 358 immutavit
1492 336 1535 365 piis
1552 343 1578 358 ae
1594 336 1679 359 sedulis

430 379 630 402 exhortationibus
645 378 799 400 inveteratam
815 377 879 399 illam
897 377 1043 399 traditionem
1060 381 1181 406 parentum
1198 385 1283 405 eornm,
1301 378 1328 400 de
1346 379 1429 407 quibus
1444 378 1595 407 apostolicum
1612 378 1678 401 illum

431 422 485 444 licet
496 422 595 450 proferre
606 427 740 448 sermonem,
754 420 813 449 quod
826 419 997 442 aemulationem
1008 420 1052 443 Dei
1063 421 1188 448 habebant,
1201 421 1240 443 sed
1252 428 1297 442 non
1309 421 1435 443 secundum
1447 421 1564 443 scientiam
1574 429 1580 449 ς
1598 422 1678 444 catho-

427 464 516 493 licoque
529 463 585 491 illos⁷
599 467 669 492 atque
683 462 809 491 apostolico
820 469 883 484 more
895 461 1074 490 celebrationem,
1087 466 1111 485 at
1122 463 1233 489 diximus,
1247 462 1366 491 praecipuae
1379 462 1538 485 sollemnitatis
1549 463 1592 486 sub
1604 463 1679 492 figura

430 513 519 529 coronae
534 506 633 535 perpetis
648 512 716 534 agere
732 505 857 534 perdocuit.
889 504 956 531 Quod
972 505 1031 527 mira
1045 505 1128 528 divinae
1143 508 1234 527 constat
1250 505 1338 527 sactum
1353 505 1521 534 dispensatione
1535 505 1635 534 pietatis,
1652 508 1680 528 ut

430 548 538 578 quoniam
554 554 612 576 gens
628 547 667 569 illa
679 553 749 575 quam
766 549 864 568 noverat
880 546 1000 568 scientiam
1015 547 1099 569 divinae
1115 547 1252 575 cognitionis
1268 546 1365 569 libenter
1380 554 1407 569 ac
1421 547 1469 569 sine
1485 547 1574 569 invidia
1588 546 1679 576 populis

430 589 561 619 Anglorum
577 587 746 611 communicare
763 587 867 609 curavit:
889 587 939 616 ipsa
954 594 1044 616 quoque
1059 588 1206 616 postmodum
1223 595 1264 617 per
1279 591 1373 617 gentem
1389 588 1521 617 Anglorum
1537 588 1562 611 in
1578 589 1610 611 eis
1627 596 1678 618 quae

429 632 506 654 minus
516 631 635 659 habuerat,
648 630 677 652 ad
688 629 814 658 perfectam
826 630 919 651 vivendi
931 636 1035 652 normam
1046 630 1196 659 perveniret.”

480 677 494 687 ‘¹
502 675 654 703 Susceperunt
662 677 738 695 autem
746 673 851 695 Hiienses
863 673 975 701 monachi,
989 673 1083 696 docente
1094 674 1227 703 Ecgberct0‚
1240 674 1299 696 ritus
1305 673 1400 696 vivendi
1412 673 1536 696 catholicos
1544 673 1586 696 snb
1595 673 1679 696 abbate

431 717 584 742 Dunnchado,
598 720 649 745 post
660 722 732 737 annos
748 715 837 737 circiter
847 715 974 744 octoginta,
986 722 1017 738 ex
1032 723 1077 745 quo
1092 716 1122 738 ad
1134 717 1318 745 praedicationem
1334 716 1410 745 gentis
1420 715 1549 745 Anglorum
1561 715 1679 737 Aidanum

431 760 541 782 miserant
551 759 685 781 antistitem.
709 758 797 780 Mansit
808 761 885 780 autem
896 758 933 780 vir
945 758 1038 780 Domini
1051 759 1164 788 Ecgberct
1172 766 1244 782 annos
1253 759 1361 781 tredecim
1372 759 1395 781 in
1406 759 1503 787 praesata
1513 758 1596 786 insula,
1608 764 1679 787 quam

430 804 477 833 ipse
488 803 553 826 velut
564 810 624 825 nova
639 803 739 831 quadam
754 801 868 824 relucente
880 802 955 831 gratia
969 801 1125 825 ecclesiasticae
1141 802 1254 824 societatis
1269 804 1293 824 et
1304 801 1366 830 pacis
1382 801 1474 824 Christo
1492 803 1677 827 consecraverat;

431 852 535 875 annoque
547 844 674 867 Dominicae
686 843 848 866 incarnationis
859 843 1061 872 septingentesimo
1072 843 1181 865 vicesimo
1192 849 1261 869 nono,
1275 850 1320 872 quo
1337 843 1423 871 pascha
1434 842 1580 864 Dominicum
1597 844 1680 864 octavo

430 889 581 911 kalendarum
593 887 709 909 Maiarum
720 886 757 908 die
768 885 901 912 celebratur,
914 892 967 907 cum
979 885 1103 907 missarum
1118 885 1239 908 sollemnia
1254 886 1278 908 in
1290 885 1424 908 memoriam
1437 885 1538 914 ejusdem
1551 884 1678 906 Dominicae

430 929 600 953 resurrectionis
614 928 756 955 celebrasset,
769 926 848 948 eodem
863 926 899 948 die
914 929 935 948 et
948 926 995 954 ipse
1006 925 1118 955 migravit
1133 926 1162 948 ad
1174 926 1307 953 Dominum,
1320 932 1347 948 ac
1355 926 1467 955 gaudium
1483 932 1579 947 summae
1589 924 1678 947 festivi-

431 974 487 997 tatis
497 973 558 1002 quod
569 978 622 994 cum
631 970 741 993 fratribus
751 976 808 998 quos
818 969 848 991 ad
860 969 956 991 unitatis
967 969 1067 998 gratiam
1079 972 1229 996 converterat,
1239 968 1364 995 inchoavit,
1379 975 1433 990 curn
1445 968 1545 990 Domino
1556 971 1579 990 et
1587 970 1679 996 aposto-

430 1018 460 1040 lis
471 1017 594 1045 ceterisque
605 1014 654 1037 caeli
666 1014 756 1036 civibus
767 1013 896 1042 complevit,
909 1013 981 1034 immo
992 1013 1092 1041 idipsum
1103 1012 1215 1034 celebrare
1227 1012 1275 1034 sine
1287 1012 1330 1034 fine
1345 1018 1392 1033 non
1404 1011 1493 1033 desinit.
1527 1010 1588 1032 Mira
1600 1012 1679 1032 autem

430 1060 515 1083 divinae
531 1057 668 1087 dispensatio
684 1056 820 1085 provisionis
836 1058 892 1081 erat,
911 1055 971 1083 quod
983 1054 1119 1076 venerabilis
1135 1054 1172 1076 vir
1188 1061 1234 1076 non
1245 1053 1319 1076 solum
1330 1053 1354 1075 in
1370 1053 1456 1082 pascha
1472 1052 1580 1075 transivit
1596 1052 1624 1074 de
1635 1052 1680 1074 hoc

429 1101 515 1124 mundo
527 1101 556 1122 ad
568 1099 661 1121 Patrem
671 1107 677 1126 3
695 1104 775 1120 verum
787 1097 857 1119 etiam
869 1103 921 1118 cum
933 1103 958 1118 eo
970 1095 1006 1117 die
1018 1095 1103 1124 pascha
1112 1095 1269 1123 celebraretur,
1282 1101 1328 1124 quo
1340 1101 1459 1123 nunquam
1470 1094 1534 1123 prius
1545 1094 1569 1116 in
1580 1093 1612 1116 eis
1624 1093 1679 1116 locis

429 1143 537 1167 celebrari
552 1142 646 1165 solebat.
681 1140 821 1163 Gaudebant
837 1146 891 1168 ergo
907 1138 990 1161 fratres
1004 1138 1032 1160 de
1049 1138 1167 1167 agnitione
1181 1141 1245 1160 certa
1261 1140 1284 1160 et
1301 1137 1413 1160 catholica
1430 1137 1538 1166 temporis
1550 1136 1678 1165 paschali53

429 1188 569 1210 laetabantur
580 1186 607 1207 de
618 1184 744 1214 patrocinio
756 1183 871 1212 pergentis
882 1183 912 1204 ad
926 1182 1053 1204 Dominum
1065 1181 1145 1210 patris⁷
1157 1188 1197 1210 per
1208 1188 1276 1210 quem
1287 1181 1379 1203 fuerant
1391 1180 1498 1207 eorrecti;
1518 1179 1679 1208 gratulabatur

430 1229 469 1252 ille
479 1229 540 1258 quod
551 1231 645 1250 eatenus
657 1227 680 1248 in
691 1232 759 1248 carne
770 1228 876 1247 servatus
886 1227 928 1252 est,
942 1224 1013 1246 donec
1024 1222 1090 1245 illum
1106 1223 1130 1244 in
1141 1223 1226 1252 pascha
1238 1223 1298 1245 diem
1310 1229 1363 1245 suos
1375 1222 1497 1249 auditores,
1512 1229 1579 1251 quem
1591 1227 1680 1250 semper

430 1275 498 1294 antea
509 1270 623 1297 vitabant,
637 1268 749 1297 suscipere
764 1274 791 1290 ae
803 1274 879 1290 secum
891 1273 958 1295 agere
970 1266 1065 1288 videret.
1099 1266 1182 1295 sicque
1193 1270 1269 1288 certus
1280 1266 1308 1288 de
1319 1265 1411 1288 illorum
1427 1265 1563 1287 correctione
1574 1270 1679 1286 reveren-

430 1314 532 1337 tissimus
542 1316 606 1342 pater
618 1311 742 1339 exultavit,
754 1314 782 1333 ut
793 1310 881 1332 videret
892 1309 953 1331 diem
965 1308 1074 1331 Domini:
1091 1308 1158 1337 vidit,
1171 1312 1193 1331 et
1205 1309 1299 1338 gavisus
1310 1307 1481 1338 est.''—(Bede,
1495 1307 1526 1329 H.
1539 1307 1566 1329 E.
1579 1314 1601 1329 v.
1616 1304 1668 1336 22.)

293 1388 356 1416 711.
381 1378 494 1413 Strages
511 1375 657 1404 Pictorum
674 1374 705 1402 in
720 1373 825 1411 Campo
843 1371 977 1401 Manonn‘
992 1371 1067 1408 apud
1087 1371 1222 1406 Saxones,
1242 1371 1293 1399 ubi
1306 1370 1470 1407 Finnguine
1488 1369 1565 1398 filius
1583 1369 1678 1397 Deile-

428 1426 504 1454 roith
517 1425 671 1453 immatura
685 1426 775 1451 morte
786 1422 888 1460 jacuit.

380 1475 544 1513 Congressio
559 1475 711 1502 Britonum
724 1475 753 1501 et
767 1471 891 1501 Dalsiati
905 1480 989 1508 super
1003 1469 1232 1507 Loirgg-eeeletk,
1248 1469 1299 1498 ubi
1312 1469 1444 1497 Bn'tones
1458 1468 1572 1497 devicti.

316 1536 324 1554 1
333 1536 357 1554 2.

293 1537 308 1565 7
380 1574 544 1604 Combustio
558 1573 685 1610 Tairpirt
698 1571 828 1600 Boitter1.

380 1623 510 1653 Obsessio
524 1624 652 1651 Abertem
667 1622 743 1658 apud
758 1621 938 1649 Selbachum.

294 1685 308 1712 7
317 1685 324 1702 ¹
334 1684 358 1711 3-

328 1764 332 1779 *
342 1766 428 1793 Campo
435 1762 743 1789 Manann.—Seen1anann,
749 1764 814 1783 atan.
821 1760 960 1790 581,supra.

294 1808 349 1829 This
360 1807 432 1829 battle
442 1807 462 1829 is
473 1805 580 1828 recorded
592 1805 623 1834 by
635 1805 674 1827 the
687 1804 767 1827 Saxon
780 1804 864 1827 Chron.
875 1807 899 1825 at
907 1809 961 1831 710,

294 1851 360 1873 thus:
380 1850 451 1871 ¹·The
465 1856 527 1871 same
541 1855 596 1877 year
614 1847 757 1870 Beorhtfrith
775 1847 814 1868 the
830 1846 963 1868 ealdorman

292 1893 374 1921 fought
386 1892 478 1920 against
489 1891 528 1913 the
542 1891 605 1913 Picts
616 1890 720 1912 between
732 1889 799 1911 Haefe
810 1889 856 1911 and
868 1888 953 1912 CaereJ’

326 1936 334 1949 t
348 1933 593 1963 Loiry-ecclet.—Not
605 1936 645 1962 yet
657 1932 779 1954 identified.

328 1980 333 1994 ¹
351 1978 455 2006 Tairpirt
475 1975 682 2005 Boium—Algam
701 1978 725 1997 at
746 1981 799 2004 731.

294 2020 405 2049 probably
417 2021 457 2042 the
468 2020 565 2041 Tarbert
575 2018 651 2041 which
662 2025 722 2046 gave
733 2024 800 2039 name
812 2020 835 2039 to
847 2017 903 2039 East
916 2017 962 2038 and

296 2063 361 2085 West
378 2062 453 2084 Lochs
469 2062 571 2088 Tarbert,
590 2061 628 2082 the
647 2060 716 2082 iulets
733 2060 758 2082 of
772 2060 812 2082 the
831 2066 869 2081 sea
886 2059 962 2080 which

294 2105 375 2134 nearly
394 2104 493 2126 insulate
510 2103 613 2132 Cantyre
631 2110 659 2125 on
682 2103 721 2125 the
737 2103 812 2124 north.
855 2102 903 2123 The
925 2101 963 2123 old

294 2147 365 2170 castle
382 2148 407 2169 of
422 2147 525 2174 Tar-bert,
543 2146 629 2168 situate
645 2152 674 2168 ou
693 2145 731 2168 the
749 2145 856 2167 southern
877 2144 923 2167 side
941 2143 966 2166 of

840 1974 896 1996 This
913 1981 962 1996 was

382 1525 495 1559 Coeddi,
512 1524 660 1561 opiscopus
674 1523 724 1550 Iae
737 1524 848 1559 pausat,
866 1520 964 1549 octob.
983 1529 1020 1556 24
1034 1519 1131 1557 (Tigh.
1149 1528 1223 1558 712;
1246 1519 1279 1547 F.
1295 1519 1336 1547 M.
1354 1518 1433 1557 710).

871 1569 979 1606 Congal
993 1578 1054 1597 mac
1069 1569 1220 1606 Doirgarto
1236 1569 1294 1606 (an.
1313 1569 1382 1606 710)
1397 1567 1526 1596 moritur.

382 1674 483 1702 Ciniod
497 1683 558 1701 mac
572 1672 673 1706 Den‘h,
690 1676 718 1700 et
731 1671 809 1699 filius
822 1668 1044 1706 Maithgernain‚
1058 1668 1186 1705 jugulati
1199 1673 1274 1697 sunt.

1015 1758 1072 1781 East
1092 1759 1154 1781 Loch
1168 1759 1270 1786 Tarbert,
1286 1758 1311 1780 in
1328 1758 1367 1781 the
1384 1758 1462 1787 parish
1479 1757 1505 1780 of
1518 1757 1678 1786 Kilealmonel,

1012 1808 1060 1824 was
1077 1802 1185 1831 formerly
1203 1809 1217 1824 a
1235 1801 1299 1830 place
1317 1801 1343 1823 of
1359 1799 1514 1823 considerable
1531 1800 1679 1829 importunae.

1012 1843 1054 1867 See
1066 1843 1129 1874 Orig.
1143 1844 1238 1867 Paroch.
1251 1843 1297 1866 vol.
1310 1843 1333 1865 ii.
1346 1850 1368 1872 p.
1383 1849 1420 1872 32.

1044 1892 1061 1903 ¹¹²
1073 1887 1281 1910 Aberta-Traces
1292 1887 1318 1909 of
1327 1886 1365 1908 the
1372 1886 1411 1908 old
1420 1884 1489 1908 castle
1501 1885 1526 1907 of
1535 1885 1678 1914 Βιιπαοενιμ,

1011 1930 1121 1959 standing
1130 1936 1159 1952 on
1167 1937 1180 1951 a
1192 1929 1331 1958 precipitous
1339 1928 1392 1950 roek
1405 1928 1485 1957 nearly
1496 1927 1637 1950 surronnded
1649 1927 1680 1955 by

1011 1973 1050 1995 the
1067 1979 1112 1997 sea,
1129 1979 1167 1994 are
1182 1975 1205 1994 to
1221 1973 1249 1994 be
1265 1978 1317 1994 seen
1335 1978 1364 1993 on
1380 1970 1517 1999 Dunaverty
1528 1969 1587 1999 Bay,
1600 1972 1625 1991 at
1640 1969 1679 1991 the

1012 2015 1034 2037 S.
1046 2015 1072 2037 E.
1085 2015 1211 2043 extremity
1224 2014 1249 2036 of
1261 2013 1371 2042 Cantyre,
1387 2013 1489 2042 opposite
1504 2012 1588 2035 Sanda.
1621 2011 1679 2033 New

1014 2058 1073 2081 Stat.
1086 2058 1127 2080 Ac.
1141 2056 1186 2079 vol.
1199 2057 1238 2079 vii.
1251 2063 1273 2085 p.
1288 2063 1308 2083 2,
1321 2059 1354 2085 pt.
1367 2061 1412 2084 423
1424 2064 1429 2083 3
1448 2055 1511 2084 Orig.
1525 2053 1621 2076 Paroch.
1634 2053 1679 2076 vol.

1012 2101 1035 2123 ii.
1049 2108 1070 2129 p.
1084 2107 1104 2129 7.
1141 2099 1238 2122 Selbach
1249 2106 1297 2120 was
1312 2098 1394 2120 second
1409 2104 1449 2120 son
1465 2097 1490 2119 of
1499 2096 1597 2119 Ferchar
1609 2095 1678 2124 Fada,

1013 2143 1037 2166 of
1047 2143 1087 2165 the
1097 2142 1168 2165 house
1180 2142 1204 2163 of
1214 2141 1282 2169 Lorn,
1295 2141 1341 2163 and
1356 2140 1411 2163 18th
1422 2139 1479 2168 king
1488 2139 1512 2161 of
1522 2138 1638 2160 Dalriada.
