1914 2518
366 198 434 229 242

855 181 936 218 Vita
954 181 1074 219 Sancti
1095 180 1274 219 Columbae.

1619 191 1691 230 [ΠΒ.
1703 201 1742 220 111.

428 283 588 316 Obsecroh
603 294 655 315 eos
671 283 851 324 quicunque
863 281 1022 313 voluerint
1041 281 1099 313 hos
1115 281 1289 313 describere
1304 280 1437 318 libellos,
1461 280 1557 312 immo
1572 281 1678 323 potius
1693 281 1748 312 ad-

359 339 433 379 juro
448 349 504 379 per
519 336 692 371 Christum,
704 335 847 377 judicem
863 335 1060 372 saeculorum,
1083 340 1121 366 ut
1142 341 1311 376 postquam
1329 334 1499 375 diligenter
1513 333 1744 376 descripserint,

362 390 534 427 conferant,
552 395 585 421 et
599 389 769 421 emendent
783 399 855 420 cum
870 388 956 420 omni
971 387 1145 430 diligentia,
1162 388 1202 419 ad
1217 387 1376 429 exemplar
1391 387 1475 419 unde
1491 391 1700 423 ⁹caraxerunt,
1714 392 1746 417 et

363 446 443 478 hanc
458 456 584 488 quoque
596 444 826 486 adjurationem
840 443 901 474 hoc
913 442 946 473 in
961 442 1030 474 loco
1046 441 1255 473 subscribant.

450 524 470 539 ¹⁰
479 518 666 560 Quicunque*
681 518 735 548 Izos
751 518 895 547 virtutum
911 516 1023 547 libellos
1043 516 1190 546 Columbae
1206 517 1322 557 Zeqerit,
1337 527 1394 557 pro
1411 527 1457 546 me
1470 517 1660 548 Dorbbeneok

471 573 640 604 Dominum
656 571 845 612 deprecetur,
863 573 897 600 ut
912 570 1006 599 vitam
1016 572 1090 609 post
1104 573 1227 598 mortem
1243 573 1384 598 oeternam
1401 572 1419 587 ¹¹
1421 570 1609 609 possideam.

699 659 709 674 9
720 659 846 680 craxerunt
858 656 888 679 A.
923 657 1045 678 traxerunt
1057 654 1122 684 Colg.
1136 654 1197 677 Boll.

396 736 407 750 ¹¹
423 733 638 758 Obsecro.—This
650 732 798 764 adjuration
811 739 891 755 seems
903 734 931 755 to
942 731 974 754 be
989 737 1032 754 co-

364 777 424 809 pied
443 777 509 800 from
529 776 574 800 the
595 776 730 807 σημείωσις
752 778 780 798 to
803 774 937 798 Irenaeus's
960 772 1032 796 work

366 820 429 851 Περὶ
442 818 587 851 Ὀγὸοάόος,
611 817 693 841 which
710 817 731 840 is
751 816 890 848 preserved
907 816 940 847 by
953 815 1033 839 Euse-

365 862 420 885 bius
435 861 518 892 (Hist.
531 860 600 884 Eecl.
615 868 637 883 v.
654 860 712 892 20):
731 859 836 891 Ὁρκίζω
852 868 878 882 σε
895 859 942 882 τὸν
956 867 1032 889 μετα-

367 904 534 936 γραψόμενον
547 904 575 927 τὸ
587 903 695 933 βιβλίον
708 903 792 929 τοῦτο,
805 910 870 925 κατα
887 902 931 924 τοῦ
945 900 1033 931 κυρίου

367 947 440 977 ἡμῶν
458 945 546 974 Ἰησοῦ
569 945 689 975 Χριστοῦ,
711 945 752 968 καὶ
773 944 839 967 κατὰ
862 945 909 972 τῆς
929 941 1034 969 ἐνδόξου

367 989 512 1019 παρουσίας
523 987 604 1011 duros)
618 986 648 1016 ἧς
662 987 765 1018 ἔρχεται
783 988 868 1017 κρῖναι
881 985 980 1012 ζῶντας
993 984 1034 1008 καὶ

367 1031 478 1061 νεκροὺς,
493 1029 538 1053 ἵνα
552 1028 697 1059 ἁντιβάλῃς
712 1029 725 1051 ὃ
743 1026 902 1060 μετεγρᾰψω,
915 1028 956 1051 καὶ
974 1035 1034 1050 κατ-

367 1074 481 1105 ορθώσῃς
497 1073 561 1097 duro
575 1073 640 1103 πρὸς
653 1073 681 1096 τὸ
695 1072 858 1103 ἀντίγραφον
871 1072 955 1097 τοῦτο,
975 1069 1035 1094 ὅθεν

368 1116 520 1148 μετεγράψω
541 1115 676 1146 ἐπιμελῶς·
701 1115 742 1138 καὶ
769 1114 815 1137 τόν
839 1113 916 1145 ὅρκον
941 1114 1035 1137 τοῦτον

369 1158 461 1190 ὁμοίως
487 1157 664 1189 μεταγρὰψῃς,
688 1157 729 1180 καὶ
751 1156 836 1185 θήσεις
858 1156 885 1179 ἐν
906 1156 942 1186 τῷ
964 1155 1035 1178 ἀντι-

368 1200 464 1232 γράφῳ.
500 1199 560 1229 (Ed.
575 1199 701 1230 Readffig,
713 1198 836 1222 Cantabr.
850 1205 918 1228 1720,
931 1205 956 1229 p.
967 1196 1035 1228 238.)

368 1243 460 1266 Which
479 1242 585 1266 Rufinus
604 1241 664 1265 thus
684 1240 839 1264 translates:
867 1239 992 1271 “Adjuro
1009 1242 1036 1263 te

368 1286 411 1317 qui
428 1284 627 1315 transcripseris
650 1284 743 1307 librum
763 1284 829 1306 hunc
846 1290 892 1314 per
908 1282 1037 1306 dominum

367 1331 483 1352 nostrum
494 1327 583 1351 Jesum
596 1326 734 1354 Christum,
749 1330 776 1349 et
791 1325 928 1349 adventum
940 1325 995 1355 ejus
1010 1324 1036 1347 in

368 1372 453 1403 gloria
465 1379 522 1395 cum
532 1371 616 1394 veniet
625 1370 744 1402 judicare
757 1370 828 1393 vivos
839 1373 865 1392 et
874 1372 997 1396 mortuos,
1008 1371 1037 1392 ut

369 1414 486 1437 conferas
498 1413 552 1436 hzec
563 1421 619 1444 quae
632 1412 731 1440 scribis⁷
740 1415 766 1435 et
775 1410 892 1434 emendes
901 1410 1038 1442 diligenter

370 1457 404 1481 ad
430 1456 588 1487 exemplaria
617 1454 648 1478 de
671 1454 762 1486 quibus
785 1453 981 1484 transcripseris
1004 1452 1038 1476 ad

370 1499 453 1523 fidem.
488 1498 522 1521 Et
534 1500 563 1521 ut
575 1500 763 1520 sacramentum
776 1495 946 1526 adjurationis
962 1495 1037 1526 hujus

371 1540 489 1564 similiter
498 1539 668 1566 transcribas,
683 1542 709 1561 et
719 1538 818 1561 inseras
830 1537 869 1560 his
881 1545 937 1568 quae
953 1540 1038 1560 trans-

371 1581 635 1615 scripsisti-‘Enseu
658 1580 764 1612 Pamph.
785 1580 877 1603 Rufino
890 1579 976 1610 Aquil.
996 1579 1038 1602 In-

370 1627 468 1658 terpr.”
485 1625 622 1657 (Mantuae,
636 1623 719 1654 1479.)
750 1624 787 1647 St.
799 1623 901 1646 Jerome
912 1622 985 1653 gives
995 1622 1038 1645 the

372 1669 457 1693 Greek
468 1675 580 1700 passage
599 1666 660 1690 with
682 1674 751 1689 some
769 1665 857 1689 verbal
878 1665 1037 1694 alterations,

372 1711 422 1735 and
431 1710 562 1742 regulates
576 1709 614 1732 his
625 1709 702 1733 Latin
712 1708 868 1731 translation
876 1712 904 1731 to
913 1707 964 1731 suit
973 1707 1039 1730 it.-

373 1755 411 1778 De
422 1753 477 1778 Vir.
498 1752 595 1776 Illustr.
611 1759 631 1774 c.
645 1759 683 1782 35.
713 1751 793 1782 (Opp.
813 1754 873 1773 tom.
888 1750 912 1773 ii.
926 1749 971 1773 col.
986 1749 1039 1778 860,

373 1797 467 1820 Veron.
480 1795 560 1824 1735.)
580 1794 636 1817 The
645 1793 760 1824 inspired
771 1793 858 1816 writer
868 1792 961 1824 speaks
970 1788 1040 1815 {noro

373 1836 564 1870 peremptorily,
578 1836 640 1859 Rev.
652 1836 711 1859 xxii.
723 1836 758 1862 18,
770 1843 812 1866 193
827 1835 910 1858 where
919 1842 961 1858 see
969 1834 1040 1857 Wet-

374 1881 461 1905 stein’s
473 1884 533 1903 note
546 1879 590 1910 (N.
606 1879 636 1902 Τ.
650 1882 710 1902 tom.
724 1878 748 1902 ii.
763 1886 786 1910 p.
799 1877 866 1908 850).

407 1930 411 1939 ¹
429 1922 648 1953 Quicunque—It
668 1929 720 1944 was
739 1921 783 1944 the
803 1923 903 1943 custom
926 1919 954 1943 of
973 1919 1041 1943 Irish

375 1965 472 1989 scribes
485 1968 513 1988 to
525 1963 625 1995 append
637 1963 704 1986 their
716 1970 798 1989 name,
813 1962 874 1985 with
887 1969 902 1985 a
918 1961 991 1985 short
1002 1969 1041 1984 so·

375 2008 511 2035 licitation,
524 2010 551 2030 at
569 2007 612 2030 the
629 2005 677 2029 end
689 2005 794 2029 oftheir
805 2004 893 2028 books.
930 2004 1002 2028 Thus
1016 2005 1042 2028 in

375 2051 419 2075 the
433 2049 503 2073 Book
516 2049 544 2072 os
558 2049 616 2072 Mac
630 2048 711 2079 Regol
724 2048 796 2072 there
808 2048 830 2070 is
842 2047 885 2070 the
902 2047 1024 2078 colophon
1035 2056 1040 2070 :

379 2095 520 2124 Quicunque
534 2092 618 2123 Ieyerit
631 2096 654 2115 et
670 2090 820 2121 intelleyeret
832 2091 902 2114 istam
919 2090 1042 2113 narratio-

377 2145 427 2160 nem
443 2139 498 2159 orat
507 2142 554 2166 pro
567 2133 628 2157 Mac
640 2132 733 2164 Reyuil
749 2133 872 2164 scriptori.
901 2131 1041 2162 (O'Conor,

378 2179 438 2203 Rer.
458 2177 518 2201 Hib.
539 2177 583 2200 SS.
602 2176 652 2199 Lit.
670 2175 817 2206 Nuncupat.
836 2173 884 2198 vol.
899 2174 914 2197 i.
934 2181 957 2205 p.
973 2175 1041 2205 230.)

1264 657 1292 671 λυ-
1296 656 1312 670 11
1325 663 1368 678 om.
1381 655 1408 678 B·

1083 729 1156 754 Thus
1169 730 1224 754 also
1236 731 1262 754 in
1274 730 1318 755 the
1330 731 1403 754 Book
1415 731 1444 755 of
1453 731 1579 764 Armagh,
1593 732 1638 755 the
1654 732 1745 760 scribe,

1081 772 1138 796 who
1150 772 1209 796 died
1220 773 1245 796 in
1258 774 1312 803 845,
1325 776 1353 797 at
1364 773 1408 797 the
1420 773 1469 797 end
1481 774 1509 797 of
1518 774 1620 797 various
1631 775 1748 806 portions

1082 815 1110 839 of
1123 816 1166 839 the
1184 816 1344 847 manuscript
1361 816 1476 847 appends
1496 815 1548 840 Pro
1566 816 1748 841 Ferdomnaclno

1083 866 1144 882 ores.
1178 858 1244 889 (Fol.
1255 858 1283 888 67
1294 858 1331 887 bb,
1354 859 1383 889 89
1393 858 1430 885 ab,
1450 866 1541 888 214c1a,
1564 866 1610 882 220
1617 859 1665 890 ab.)
1698 859 1750 883 But

1082 900 1126 923 the
1138 904 1203 924 most
1216 900 1377 924 remarkable
1395 900 1568 932 subscription
1583 901 1609 924 in
1621 909 1671 933 any
1683 901 1749 925 Irish

1084 945 1140 969 MS.
1154 945 1175 968 is
1183 945 1241 969 that
1251 945 1279 969 of
1287 945 1331 969 the
1344 945 1415 968 Book
1428 945 1456 968 of
1465 945 1591 969 Durrow:
1610 945 1681 977 Royo
1693 945 1750 970 bea-

1084 987 1210 1011 titudinem
1226 992 1291 1011 tuam
1302 992 1383 1011 sancte
1397 988 1527 1019 praeslu‘ter
1538 987 1636 1011 Potrici
1653 992 1680 1012 ut
1696 989 1748 1019 qui-

1084 1038 1181 1060 cumque
1201 1029 1262 1053 hunc
1283 1029 1387 1054 libellum
1406 1038 1474 1053 manu
1495 1031 1599 1054 tenuerit
1618 1031 1750 1055 meminerit

1088 1072 1217 1096 Columbae
1229 1072 1358 1104 scriptoris
1365 1072 1407 1102 qui
1419 1071 1463 1095 hoc
1474 1072 1577 1103 scripsi.
1588 1090 1594 1096 .
1603 1089 1609 1095 .
1620 1077 1666 1096 met
1677 1081 1750 1096 euan-

1083 1113 1171 1146 9elium
1177 1123 1224 1146 per
1233 1115 1270 1138 :rii
1282 1114 1373 1138 dierum
1385 1115 1496 1145 spatium.
1530 1113 1617 1137 Below
1626 1114 1714 1141 which.
1724 1115 1750 1138 in

1085 1165 1101 1180 a
1114 1164 1185 1180 more
1198 1156 1314 1188 angular,
1331 1156 1375 1179 but
1391 1159 1436 1179 not
1453 1155 1529 1184 later,
1543 1156 1619 1184 hand,
1640 1156 1747 1183 follows,

1089 1199 1141 1224 Ora
1151 1207 1199 1230 pro
1207 1207 1242 1223 me
1243 1199 1330 1231 frater
1342 1199 1374 1222 mi
1380 1198 1503 1222 Dominus
1516 1202 1592 1222 tecum
1603 1200 1642 1223 sit.
1671 1199 1716 1230 (A.
1726 1207 1749 1229 4.

1085 1250 1107 1272 5.
1123 1242 1196 1265 Trin.
1209 1241 1272 1265 Coll.
1283 1240 1368 1268 Dubl.‚
1382 1241 1427 1264 fol.
1439 1249 1465 1264 12
1476 1240 1513 1268 bb,
1527 1246 1591 1265 recte
1601 1249 1645 1272 237
1654 1241 1693 1270 bb,
1706 1242 1750 1265 the

1086 1283 1140 1306 leaf
1146 1283 1242 1314 having
1249 1282 1313 1306 been
1321 1282 1460 1313 misplaced
1470 1282 1495 1305 in
1505 1282 1631 1314 binding.)
1655 1283 1707 1307 For
1718 1291 1752 1307 an

1086 1328 1195 1349 account
1203 1325 1287 1349 ofthis
1294 1325 1348 1349 MS.
1358 1332 1399 1348 see
1407 1333 1433 1356 p.
1440 1332 1493 1355 327,
1502 1326 1576 1357 infra.
1594 1326 1752 1350 Adamnan’s

1086 1372 1164 1397 tract,
1177 1368 1220 1392 De
1233 1367 1306 1392 Locis
1321 1368 1421 1396 Sanctis,
1438 1368 1501 1391 ends
1519 1368 1592 1392 thus:
1612 1368 1751 1393 “Obsecro

1087 1411 1174 1442 itaque
1186 1418 1229 1434 eos
1247 1411 1399 1442 quicumque
1416 1410 1506 1434 breves
1519 1410 1630 1442 legerint
1640 1411 1749 1439 libellos,

1087 1456 1116 1476 ut
1124 1460 1171 1484 pro
1179 1452 1267 1476 eodem
1279 1455 1370 1476 saneto
1379 1452 1513 1476 sacerdote
1524 1452 1628 1476 Arculfo
1640 1453 1752 1477 divinam

1087 1498 1224 1526 precentur
1243 1495 1411 1523 clementiam,
1432 1495 1475 1526 qui
1485 1495 1540 1518 haec
1551 1495 1582 1518 de
1594 1495 1691 1519 sanctis
1707 1503 1753 1519 ex-

1087 1537 1229 1569 perimenta
1249 1537 1310 1560 locis
1332 1545 1418 1560 eorum
1440 1536 1618 1568 frequentator
1637 1537 1752 1561 libentis-

1088 1579 1150 1603 sime
1169 1579 1241 1603 nobis
1264 1579 1381 1603 dictavit.
1417 1579 1480 1607 Quae
1499 1583 1525 1602 et
1544 1586 1593 1611 ego
1613 1580 1753 1610 quamlibet

1087 1623 1155 1646 inter
1170 1622 1312 1646 laboriosas
1330 1625 1356 1645 et
1374 1629 1454 1653 prope
1469 1621 1679 1645 insustentabiles
1695 1626 1754 1647 tota

1088 1666 1128 1689 die
1140 1666 1250 1697 undique
1269 1665 1438 1696 conglobatas
1455 1665 1645 1689 ecclesiasticas
1661 1666 1754 1690 sollici-

1089 1708 1190 1732 tudines
1210 1707 1373 1735 constitutus,
1393 1706 1437 1730 vili
1449 1706 1565 1738 quamvis
1580 1713 1694 1730 sermone
1709 1707 1753 1731 de-

1090 1750 1203 1774 scribens
1216 1749 1356 1773 declaravi.
1391 1749 1490 1772 Horum
1501 1756 1564 1780 ergo
1575 1748 1696 1773 lectorem
1708 1749 1754 1773 ad-

1090 1800 1162 1816 mone
1189 1792 1430 1824 experimentorum,
1457 1794 1486 1815 ut
1513 1799 1559 1822 pro
1589 1799 1628 1814 me
1655 1792 1753 1816 misello

1090 1839 1226 1867 peccatore
1242 1834 1379 1858 eorundem
1396 1838 1533 1857 craxatore
1546 1833 1677 1857 Christum
1685 1834 1753 1865 judi-

1090 1886 1145 1901 cem
1163 1877 1306 1901 seculorum
1321 1884 1429 1900 exorare
1448 1883 1498 1899 non
1517 1875 1754 1907 neglegat.¹'—Ma-

1089 1919 1175 1947 billon,
1192 1920 1250 1943 Act.
1264 1920 1304 1943 SS.
1318 1918 1381 1942 Ord.
1394 1918 1490 1942 Bened.
1509 1925 1566 1942 saec.
1579 1918 1613 1941 iii.
1628 1921 1666 1950 pt.
1686 1918 1710 1942 ii.
1728 1926 1752 1950 p.

1090 1970 1135 1992 472
1151 1962 1251 1993 (Venet.
1265 1961 1342 1992 1734).

1123 2006 1133 2020 r
1145 2002 1382 2028 Dorbbeneo.——His
1395 2002 1448 2026 obit
1460 2002 1481 2025 is
1495 2001 1621 2025 recorded
1628 2001 1662 2033 by
1671 2001 1754 2033 'righ-

1091 2046 1185 2070 ernach
1204 2049 1232 2069 at
1249 2045 1387 2075 713.—See
1403 2043 1539 2068 Chronicon
1551 2043 1645 2067 Hiense
1661 2043 1687 2067 in
1699 2044 1754 2076 Ap-

1089 2087 1189 2120 pendix.
1219 2087 1275 2111 The
1286 2090 1391 2118 present
1406 2085 1528 2116 colophon
1540 2085 1645 2108 readers
1659 2085 1681 2109 it
1693 2093 1755 2118 very

1090 2131 1168 2162 likely
1177 2130 1233 2153 that
1244 2129 1305 2153 Cod.
1315 2129 1346 2152 A.
1358 2128 1379 2151 is
1392 2136 1407 2151 a
1418 2127 1576 2158 manuscript
1592 2127 1621 2150 of
1629 2127 1672 2151 the
1683 2128 1755 2160 early

1090 2176 1151 2205 part
1166 2171 1194 2196 of
1203 2171 1246 2196 the
1258 2170 1346 2202 eighth
1358 2173 1472 2201 century.
1507 2169 1554 2193 See
1565 2168 1742 2194 Introduction.
