1914 2518
689 184 722 219 A
729 191 839 221 actore
856 185 889 219 A
896 186 1082 222 clamnano.

181 204 242 224 eff.
257 195 318 234 39.]
1507 202 1571 236 159

183 283 354 320 dentibus0,
383 283 501 319 dicens,
528 282 601 314 Hoc
624 282 730 324 accipe
753 288 859 314 tecum
884 284 1076 324 portandum
1100 294 1226 320 munus,
1252 284 1337 325 quod
1362 285 1490 316 domiuo
1515 298 1571 327 pro

182 340 238 366 tua
257 335 472 377 redemptione
493 335 622 372 offeres;
647 336 702 367 sed
723 342 829 368 tamen
849 337 937 368 nullo
957 337 1050 368 modo
1071 337 1214 378 accipiet.
1260 337 1368 369 Habet
1391 339 1473 370 enim
1493 340 1572 371 bene

182 395 334 420 moratam
352 390 557 431 ¹2oonjugem‚
576 390 666 430 cujus
686 390 803 421 salubri
819 391 1041 432 obtemperans
1056 391 1196 428 consilio,
1216 397 1247 422 te
1268 391 1377 422 eadem
1394 392 1444 422 die
1460 392 1569 433 gratis,

182 442 248 474 sine
271 442 383 483 pretio,
407 442 553 474 libertate
576 443 718 480 donabit,
746 443 911 485 cingulum
943 455 983 475 ex
1010 455 1097 475 more
1120 444 1237 485 captivi
1260 444 1299 475 de
1322 444 1385 475 tuis
1409 445 1569 475 resolvens

181 495 327 528 lumbisP.
374 497 436 529 Sed
456 496 514 527 hac
537 496 697 527 anxietate
718 496 851 534 solutus,
872 497 965 527 aliam
983 508 1002 528 a
1024 497 1121 528 latere
1145 502 1329 539 surgentem
1352 509 1415 528 non
1437 498 1570 539 effugies

181 550 442 582 sollicitudinem:
465 560 538 579 nam
564 548 612 579 tui
635 548 746 579 fratres
771 548 911 589 undique
936 549 1169 579 ¹³coarctabunt
1191 554 1233 586 te,
1259 554 1296 579 ut
1318 554 1407 580 tanto
1430 554 1571 590 tempore

180 603 262 644 patri
288 603 438 639 debitam,
467 601 522 632 sed
548 600 736 642 neglectam,
763 601 959 642 redintegres
983 600 1145 642 pietatem.
1191 601 1245 632 Tu
1268 607 1384 639 tamen,
1413 602 1478 633 sine
1508 602 1572 632 ulla

136 664 139 667 '
180 657 376 688 haesitatione
392 655 550 687 voluntati
570 666 677 686 eorum
699 656 926 692 obsecundans,
944 660 1066 696 patrem
1088 660 1106 674 ¹⁴
1115 666 1220 686 senem
1237 655 1287 696 pie
1306 655 1442 697 excipias
1465 656 1572 687 confo—

179 711 328 742 vendum.
358 709 456 750 Quod
468 719 557 745 onus,
571 707 746 748 quamlibet
756 708 815 739 tibi
827 708 971 739 videatur
979 719 1088 750 grave,
1099 708 1279 739 contristari
1296 720 1359 739 non
1375 709 1480 745 debes,
1496 708 1569 749 quia

178 774 253 794 mox
268 763 424 804 depones:
448 773 520 793 nam
543 773 581 792 ex
598 773 660 803 qua
681 761 731 792 die
752 761 882 802 incipies
905 761 987 802 patri
1003 761 1190 798 ministrare,
1212 761 1272 792 alia
1295 761 1327 791 in
1344 761 1405 793 fine
1429 762 1570 803 ejusdcm

179 817 360 859 septimanae
379 822 541 848 mortuum
563 815 704 857 sepelies.
752 814 815 847 Sed
832 820 903 856 post
919 815 1017 856 patris
1033 814 1255 856 sepultionem,
1273 814 1388 846 iterum
1404 814 1516 845 fratres
1539 821 1570 844 te

177 871 290 902 acriter
305 870 505 911 compellent,
522 875 559 900 ut
575 869 667 900 matri
684 868 778 899 etiam
795 868 901 899 debita
917 868 1043 909 pietatis
1059 868 1221 909 impendas
1237 867 1411 908 obsequia&
1445 867 1495 899 De
1508 878 1570 908 qna

177 923 318 965 profecto
334 922 547 964 compulsione
564 928 638 953 tuus
650 921 759 962 junior
771 927 803 952 te
819 921 962 952 absolvet
976 920 1091 956 frater,
1119 920 1175 961 qui
1188 927 1243 951 tua
1253 920 1321 951 vice
1334 926 1462 962 paratus
1478 932 1570 951 omne

178 976 304 1018 pietatis
319 988 409 1018 opus,
424 976 509 1017 quod
525 976 630 1013 (lebes,
646 986 702 1017 pro
718 980 749 1006 te
766 975 859 1005 matri
875 974 1013 1005 serviens
1029 974 1151 1005 reddet.
1190 973 1270 1005 Post
1285 974 1351 1005 haec
1364 975 1459 1005 verba
1476 986 1570 1015 supra

178 1035 368 1061 memoratus
387 1029 495 1066 frater,
514 1028 673 1059 Librarius
694 1028 832 1064 nomine,
854 1033 984 1068 accepto
1005 1038 1146 1064 munere,
1167 1026 1275 1058 Sancti
1291 1027 1410 1058 ditatus
1426 1028 1571 1058 benedic-

178 1083 264 1114 tione
278 1082 435 1124 perrexit;
453 1088 485 1114 et
501 1082 540 1113 ad
556 1082 690 1123 patriam
707 1081 906 1122 perveniens,
924 1080 1038 1118 omnia,
1057 1081 1231 1112 secundum
1250 1081 1360 1112 Sancti
1375 1081 1570 1118 vaticinium,

177 1136 300 1167 invenit
312 1147 385 1167 vere
400 1136 543 1177 probata.
582 1135 667 1166 Nam
684 1134 802 1171 statim,
820 1140 856 1165 nt
872 1134 1010 1175 pretium
1027 1145 1090 1164 suae
1112 1133 1244 1164 offerens
1260 1133 1415 1165 libertatis
1431 1135 1571 1165 ostendit

178 1188 315 1226 domino,
332 1188 471 1230 accipere
487 1188 607 1219 volenti
623 1188 783 1229 refragans
799 1198 889 1223 uxor,
906 1186 955 1218 Ut
970 1186 1047 1227 quid
1062 1186 1163 1223 nobis,
1182 1186 1236 1223 ait,
1254 1186 1314 1217 hoc
1329 1186 1468 1228 accipere
1484 1188 1570 1228 quod

178 1246 304 1272 sanctus
319 1240 456 1282 pretium
472 1240 557 1271 misit
573 1239 732 1271 Columba
744 1240 760 1270 ¹?
794 1238 867 1269 Hoc
883 1250 945 1270 non
962 1250 1070 1269 sumus
1087 1238 1187 1280 digni.
1204 1238 1374 1270 Liberetur
1389 1239 1417 1270 ei
1434 1240 1503 1281 pius
1520 1240 1569 1272 hic

177 1294 276 1336 gratis
291 1293 495 1325 ministrator.
519 1293 627 1335 Magis
637 1293 727 1324 nobis
744 1292 843 1323 saneti
860 1291 917 1323 viri
934 1291 1111 1323 benedictio
1127 1291 1279 1333 proficiet,
1297 1304 1391 1333 quam
1408 1292 1467 1324 hoc
1484 1293 1569 1334 quod

178 1346 335 1377 ¹⁶offertur
350 1346 498 1387 pretium.
524 1345 670 1376 Audiens
687 1345 794 1385 itaque
810 1343 941 1374 maritus
957 1343 1017 1374 hoc
1033 1343 1152 1374 maritae
1168 1343 1291 1375 salubre
1307 1344 1482 1383 consilium,
1497 1356 1570 1376 con·

177 1398 267 1429 tinuo
282 1398 381 1440 gratis
396 1398 542 1429 liberavit
557 1409 693 1429 servum.
741 1397 806 1437 Qui
822 1402 904 1438 post,
925 1397 1020 1438 juxta
1035 1397 1232 1439 prophetiam
1252 1397 1370 1435 Sancti,
1388 1399 1569 1440 compulsus

177 1462 195 1482 a
209 1451 369 1488 fratribus,
387 1456 520 1493 patrem,
539 1450 589 1482 cui
605 1450 782 1481 ministrare
798 1450 902 1491 coepit,
920 1449 1054 1491 septima
1069 1450 1120 1482 (h'e
1135 1456 1297 1482 mortuum
1313 1451 1469 1492 sepelivit.
1493 1453 1568 1492 Quo

177 1504 312 1545 sepulto,
330 1509 367 1535 ut
387 1509 420 1535 et
439 1503 532 1534 matri
552 1503 658 1535 debite
679 1503 852 1534 deserviret
872 1503 1082 1545 compellitur.
1131 1503 1195 1535 Sed
1215 1504 1423 1537 subveniente
1442 1505 1568 1546 juniore

175 1557 281 1595 fratre,
300 1557 381 1590 sicut
400 1557 535 1589 Sanctus
555 1557 754 1598 praedixerat,
772 1557 873 1588 vicem
885 1557 953 1598 ejus
965 1557 1169 1599 adimplente,
1188 1557 1399 1589 ¹⁶absolvitur.
1446 1558 1511 1598 Qui
1528 1559 1567 1589 ad

174 1610 287 1641 fratres
302 1609 346 1641 sic
361 1609 496 1647 dicebat,
515 1609 616 1640 Nullo
632 1609 726 1640 modo
742 1620 798 1640 nos
815 1613 967 1650 ¹⁷oportet
981 1609 1112 1641 fratrem
1127 1609 1159 1641 in
1175 1610 1278 1652 patria
1298 1616 1467 1648 retentare,
1485 1612 1566 1653 ¹⁹qui

721 1705 739 1720 ¹⁴
751 1707 817 1726 tuum
829 1704 884 1726 add.
898 1704 925 1727 B.
990 1705 1009 1721 ¹⁵
1020 1704 1085 1727 offert
1097 1704 1162 1733 Colg.
1176 1704 1236 1726 Bon.
1300 1705 1318 1720 ¹⁶
1330 1704 1368 1726 sed
1378 1704 1458 1733 junior
1469 1704 1523 1726 add.
1540 1704 1564 1727 B.

224 1706 243 1721 ¹'-'
254 1705 361 1734 cojugem
374 1704 402 1727 A.
454 1706 473 1720 ¹³
485 1705 620 1727 coartabant
633 1705 660 1727 B.

175 1739 192 1754 ¹⁷
204 1745 247 1760 om.
261 1737 290 1759 B.
359 1738 378 1753 ¹2⁵
389 1740 478 1766 oportet
490 1737 546 1759 add.
560 1737 586 1758 B.

176 1819 205 1843 of
222 1820 259 1843 St.
276 1818 371 1847 Cadoc,
389 1818 471 1841 which
492 1826 544 1842 was
563 1817 667 1841 written
686 1817 759 1840 when
771 1816 843 1840 “Al-

175 1861 252 1885 bania
274 1860 352 1892 vulgo
374 1860 462 1884 Scotia
485 1859 649 1889 vocabatur‚''
671 1859 718 1883 has
742 1858 841 1890 effebus,

173 1912 286 1935 pneuma,
304 1902 398 1934 sophia,
416 1902 537 1929 manitus,
557 1901 616 1929 and,
633 1901 702 1925 after
717 1901 761 1924 the
777 1900 844 1932 style

176 1945 205 1969 of
219 1945 317 1977 Edgar,
337 1943 450 1968 basileus.
486 1944 573 1975 (Rees'
585 1943 688 1968 Cambr.
707 1943 775 1967 Brit.
796 1943 842 1967 SS-

175 1995 216 2020 pp.
231 1987 268 2016 26,
284 1988 321 2018 38,
332 1986 372 2016 46,
387 1994 425 2016 51,
440 1994 478 2016 52,
491 1986 545 2016 56.)

207 2036 218 2047 ⁰
232 2029 353 2055 Ornatam
372 2027 649 2055 dentibus.—Solinus‚
673 2027 800 2059 speaking
819 2026 848 2050 of

175 2073 219 2096 the
229 2072 390 2096 inhabitants
400 2071 429 2095 os
438 2070 549 2099 Ireland,
563 2078 637 2102 says:
652 2072 666 2083 ¹⁴
677 2069 727 2098 Qui
740 2069 846 2093 student

175 2115 264 2143 cultui,
279 2115 399 2139 dentibus
413 2114 570 2138 marinarum
582 2113 724 2137 belluarum
737 2112 844 2144 insigni-

175 2161 222 2182 unt
232 2157 329 2182 ensium
342 2157 471 2189 capulos.'‘

927 1822 938 1837 Ρ
949 1815 1085 1840 Resolvens
1098 1815 1285 1840 lumbis.—The
1301 1816 1368 1839 form
1385 1815 1415 1839 of
1428 1816 1565 1839 manumis-

894 1858 951 1882 sion
962 1858 1023 1882 here
1035 1858 1139 1882 alluded
1151 1861 1179 1882 to
1192 1857 1242 1881 will
1255 1857 1381 1889 probably
1393 1857 1482 1881 ‹lei-ive
1494 1857 1565 1881 illus-

894 1901 993 1925 tration
1009 1901 1076 1924 from
1093 1900 1137 1924 the
1150 1900 1253 1924 Brehon
1265 1900 1342 1924 Laws
1359 1908 1416 1924 now
1432 1900 1458 1924 in
1475 1907 1566 1924 course

894 1942 923 1967 of
932 1942 1099 1974 preparation
1111 1942 1151 1966 for
1163 1942 1207 1966 the
1218 1949 1299 1973 press.

927 1991 937 2006 ‘³
950 1985 1059 2009 Pietatis
1076 1984 1300 2015 obsequia.—The
1323 1983 1432 2008 allusion
1452 1986 1480 2008 to
1503 1984 1564 2008 filial

895 2027 1050 2059 obligations
1066 2027 1092 2050 in
1104 2026 1155 2050 this
1174 2026 1282 2058 chapter
1290 2026 1416 2050 indicates
1433 2026 1476 2050 the
1485 2027 1565 2051 exist-

895 2077 956 2094 ence
969 2070 997 2094 of
1012 2077 1028 2093 a
1039 2069 1126 2093 better
1138 2069 1218 2093 socia!
1230 2068 1282 2092 and
1293 2068 1374 2092 moral
1392 2069 1522 2093 condition
1540 2070 1565 2092 in

896 2111 999 2135 Ireland
1009 2114 1037 2135 at
1049 2111 1100 2135 this
1110 2110 1171 2134 date
1184 2110 1248 2134 than
1257 2110 1301 2134 the
1313 2113 1372 2134 tone
1384 2110 1413 2134 os
1422 2110 1465 2134 the
1478 2111 1565 2135 native

896 2154 996 2178 Annals
1009 2153 1093 2178 would
1104 2153 1163 2178 lead
1174 2161 1221 2177 one
1233 2156 1261 2178 to
1273 2156 1375 2185 expect.
