1914 2518
348 187 418 220 226
842 181 923 217 Vita
941 180 1063 217 Sancti
1083 180 1255 217 Colu212boe

1613 191 1678 226 [mn.
1695 199 1736 218 11¹.

640 358 698 383 ‘DE
716 363 793 383 ALIA
812 362 925 383 PARILI
945 362 1072 382 DlViNAE
1091 361 1187 383 LUClS
1205 361 1448 381 APPARITIONE.

414 437 507 467 ALIO
539 436 649 468 itidem
679 436 726 466 2in
755 441 908 477 tempore,
938 435 986 466 vir
1013 436 1125 466 beatus
1156 434 1281 466 cuidam
1306 446 1362 466 suo
1393 434 1578 476 sapientiam
1608 434 1742 466 discenti

348 490 487 526 alumno,
505 489 630 520 nomine
645 488 821 525 Berchano,
840 488 946 528 ³cujus
966 491 1230 529 ⁴²cogn0mentum
1247 487 1405 518 ⁵Mesloen
1414 492 1437 524 ²,
1459 498 1522 517 non
1543 487 1743 518 mediocriter

349 544 484 585 quadam
500 542 704 574 denunciavit
724 542 785 579 die,
807 541 964 582 inquiens,
983 540 1116 578 Caveto,
1135 540 1190 578 fili,
1209 545 1265 572 ‘⁵ne
1286 540 1344 572 hac
1361 540 1507 582 sequenti
1522 546 1626 577 nocte,
1647 541 1743 582 juxta

1578 593 1644 634 Qui
1660 594 1743 625 ⁷haec

349 651 489 688 audiens,
504 656 614 682 contra
625 649 842 685 interdictum,
857 649 898 680 ad
913 649 1043 680 domum
1053 648 1137 680 beati
1148 648 1217 686 viri,
1236 648 1269 679 in
1285 648 1387 679 noctis
1400 648 1535 685 silentio,
1549 648 1617 679 aliis
1629 648 1742 689 Squies-

349 703 503 741 centibus,
522 702 662 739 accessit,
680 701 856 743 callideque
873 701 1050 743 exploranS‚
1069 700 1176 732 oculos
1193 712 1209 732 e
1224 701 1354 743 regione
1375 701 1415 732 ad
1435 701 1570 732 clavium
1592 701 1745 733 foramina

349 603 437 628 tuam
457 608 580 638 semper
596 595 868 632 consuetudinem,
891 595 932 625 ad.
947 606 1053 626 meum
1070 593 1303 636 appropinques
1316 594 1531 635 hospitiolum.

346 756 463 798 posuit,
489 756 646 787 {estimans
670 755 801 792 scilicet,
830 760 866 786 ut
890 765 939 785 res
964 753 1122 796 probavit,
1150 753 1288 795 aliquam
1311 754 1397 785 intus
1414 754 1574 786 coelestem
1590 755 1743 786 visionem

352 811 468 842 Sancto
490 809 694 841 manifestari.
740 808 826 840 Nam
848 809 957 840 eadem
979 808 1056 839 liora
1078 807 1164 839 beati
1184 807 1243 839 viri
1265 807 1344 839 illud
1366 807 1586 849 ⁹hospitiolum
1610 808 1744 840 coelestis

350 864 515 905 splendore
527 862 723 894 claritudinis
740 867 807 893 erat
821 862 1011 903 repletumb:
1038 872 1132 902 quam
1144 872 1205 892 non
1221 861 1379 892 sustinens
1394 860 1521 898 intueri,
1534 867 1745 904 transgressor

345 917 473 958 juvenis
485 916 569 948 illico
581 916 719 958 aufugit.
745 915 851 957 Quem
867 915 918 946 dic
929 914 1076 951 crastina,
1093 914 1228 946 Sanctus
1245 925 1385 945 seorsum
1401 914 1530 951 ducens,
1543 925 1615 946 cum
1630 926 1746 957 magna

351 971 520 1003 severitate
531 971 713 1012 objurgans,
724 970 793 1001 haec
803 969 842 1000 ad
853 980 925 1000 eum
935 969 1078 1010 protatur
1088 969 1194 1005 verba,
1206 968 1324 1005 dicens,
1336 968 1405 999 Hac
1415 968 1447 998 in
1458 974 1560 1005 nocte,
1574 968 1629 1006 fili,
1641 979 1745 999 coram

352 1025 423 1056 Deo
447 1023 594 1066 peccasti,
619 1034 692 1054 nam
716 1021 944 1053 tuaeinfitialis
968 1021 1217 1062 explorationem
1242 1020 1423 1052 calliditatis
1446 1032 1464 1051 a
1489 1021 1610 1062 Spiritu
1630 1020 1746 1053 Sancto

352 1076 446 1108 celari
463 1076 514 1107 vel
530 1075 681 1107 abscondi
697 1086 788 1116 posse
804 1074 940 1105 inaniter
955 1073 1085 1115 putasti.
1132 1073 1249 1104 Nonne
1265 1073 1305 1104 ad
1321 1073 1383 1104 mei
1403 1073 1518 1104 ostium
1534 1073 1695 1115 hospitioli
1714 1079 1746 1105 te

352 1130 405 1160 illa
430 1129 490 1160 ¹⁰in
509 1129 586 1159 hora
610 1127 919 1169 appropinquantem
944 1131 977 1157 et
1000 1125 1073 1156 inde
1098 1125 1284 1157 redeuntem
1308 1125 1398 1157 vidi?
1423 1131 1455 1157 et
1477 1126 1537 1157 nisi
1560 1138 1619 1168 ego
1636 1127 1746 1158 eodem

352 1187 513 1214 momento
528 1193 585 1223 pro
598 1187 631 1213 te
647 1192 779 1218 orarem,
796 1180 914 1212 ibidem
931 1185 1004 1211 ante
1015 1180 1158 1221 januam,
1177 1185 1234 1210 aut
1249 1179 1364 1210 cadens
1379 1180 1553 1217 morereris,
1571 1186 1627 1210 aut
1643 1179 1691 1211 tui
1706 1180 1746 1211 de

353 1236 417 1267 suis
432 1235 639 1266 foraminibus
655 1234 737 1266 oculi
754 1238 959 1265 eruerenturc.
1010 1233 1072 1264 Sed
1095 1232 1180 1263 ¹¹tibi
1200 1232 1259 1263 hac
1280 1232 1348 1264 vice
1372 1238 1502 1274 propter
1521 1244 1571 1264 me
1589 1232 1746 1264 Dominus

353 1289 504 1331 pepercit.
543 1288 589 1319 Et
603 1288 663 1320 hoc
676 1288 766 1325 scito,
784 1287 869 1328 quod
886 1287 919 1317 in
932 1292 987 1317 tua
1004 1285 1190 1316 ¹²Hihernili
1203 1285 1305 1327 patria
1320 1285 1481 1316 luxuriose
1498 1285 1618 1323 vivens,
1637 1297 1749 1328 expro-

354 1342 530 1374 brationem
545 1341 640 1372 facies
655 1347 711 1372 tua
724 1340 868 1372 omnibus
884 1339 1024 1381 patietur
1039 1338 1150 1369 diebus
1166 1337 1239 1369 vitae
1256 1343 1330 1368 tuae.
1365 1337 1439 1369 Hoc
1453 1342 1558 1368 tamen
1575 1350 1593 1368 a
1609 1338 1749 1369 Domino

355 1407 446 1427 orans
461 1394 640 1436 impetravi,
665 1399 702 1425 ut
721 1393 796 1435 quia
810 1398 918 1424 noster
941 1392 982 1422 sis
1006 1391 1163 1427 alumnus,
1187 1390 1394 1431 lacrymosam
1412 1394 1486 1421 ante
1510 1390 1631 1421 exitum
1650 1394 1749 1432 ¹³agas

355 1448 594 1490 poenitudinem,
619 1453 651 1478 et
671 1458 690 1478 a
712 1446 781 1477 Deo
799 1443 1069 1476 ”misericordiam
1087 1442 1298 1484 consequaris.
1345 1442 1426 1482 Quae
1442 1442 1557 1480 omnia,
1575 1444 1748 1475 secundum

356 1503 487 1533 verbum
504 1501 588 1532 beati
602 1500 671 1537 viri,
689 1499 734 1530 ita
750 1499 778 1530 ci
794 1504 904 1540 postea
916 1496 1129 1539 contigerunt,
1143 1495 1237 1527 sicuti
1252 1496 1292 1527 de
1308 1507 1344 1527 eo
1360 1495 1548 1537 prophetata
1563 1502 1648 1527 sunt.

406 1598 412 1612 1
424 1597 483 1618 titul.
497 1603 541 1618 om.
556 1595 582 1617 C.
593 1595 621 1617 D.
634 1595 657 1616 F.
668 1594 690 1616 S.
706 1593 765 1615 Bon.
833 1594 843 1608 2
856 1600 898 1614 om.
913 1591 942 1613 D.
1010 1592 1041 1607 ³⁴⁵
1052 1597 1094 1612 om.
1109 1589 1135 1612 C.
1148 1589 1176 1610 D.
1186 1589 1211 1611 F.
1222 1588 1244 1612 S.
1312 1589 1320 1604 ⁴
1332 1592 1485 1617 cognomento
1498 1589 1525 1611 B.
1592 1591 1601 1606 ⁵
1610 1590 1708 1612 molloen
1721 1591 1748 1613 B.

357 1629 453 1651 mesloor
465 1629 530 1657 Colg.
544 1628 603 1649 Bon.
670 1628 679 1642 ὃ
691 1627 719 1648 de
733 1626 759 1647 B.
826 1626 834 1641 7
847 1625 890 1646 hoc
902 1624 929 1647 C.
997 1624 1006 1638 5
1018 1622 1218 1651 acquiescentibus
1231 1622 1255 1644 C.
1329 1623 1339 1638 9
1351 1622 1475 1649 hospitium
1489 1622 1517 1643 D.
1592 1623 1611 1638 ¹⁰
1623 1630 1665 1645 om,
1679 1622 1705 1645 C,
1718 1623 1747 1645 D,

359 1663 372 1677 ¹¹
385 1661 418 1683 tui
432 1661 458 1682 B.
527 1662 545 1676 ¹²
559 1661 585 1682 B.
604 1659 700 1681 evernili
712 1659 742 1680 A.
776 1657 890 1679 hibernali
903 1657 928 1680 C.
941 1656 968 1678 D.
981 1655 1006 1677 F.
1074 1656 1093 1671 ¹³
1105 1659 1170 1677 tuum
1183 1654 1238 1675 add.
1253 1653 1281 1675 D.
1349 1654 1366 1670 1⁴
1379 1654 1470 1676 veniam
1483 1654 1512 1676 D.

390 1745 399 1754 ³
415 1739 599 1763 Medoen—A
623 1737 785 1762 remarkable
806 1737 873 1760 form
896 1736 924 1760 of
945 1744 1027 1763 name,

359 1782 439 1805 which
452 1783 496 1806 the
509 1781 601 1805 Editor
613 1781 634 1804 is
648 1780 741 1804 unable
754 1784 781 1804 to
793 1780 931 1803 illustrate.

391 1826 400 1840 b
412 1824 614 1856 Repletmn.—A
627 1823 726 1846 similar
745 1826 817 1854 story
834 1823 855 1845 is
874 1821 929 1845 told
948 1821 977 1845 of
991 1821 1029 1845 St.

359 1867 574 1898 Comgass--Vit-
596 1874 670 1898 capp.
697 1873 732 1896 ις,
761 1874 787 1897 19
807 1865 900 1896 (Flem.
922 1864 1029 1888 Collect.

359 1917 381 1940 p.
398 1910 466 1940 306).

392 1957 400 1967 ⁶
417 1951 490 1975 Oculi
510 1950 839 1974 er11erent11r.—O'Donnell
858 1949 955 1973 relates
974 1949 1032 1972 that

361 1994 432 2017 when
447 1994 483 2017 St.
497 1994 622 2017 Columba
641 2001 693 2016 was
710 1998 737 2017 at
750 1992 915 2016 nrum-fionn
931 1992 961 2015 he
973 1992 1031 2015 bor-

361 2036 446 2059 rowed
471 2044 485 2059 a
505 2036 570 2059 hook
594 2037 660 2059 from
683 2036 720 2059 St.
744 2036 852 2059 Finnian
872 2035 916 2058 the
942 2034 1030 2061 abbot,

361 2077 442 2100 which
456 2077 486 2099 he
502 2077 592 2107 copied
604 2078 629 2100 in
642 2078 684 2100 the
699 2077 796 2100 chureii
809 2081 836 2100 at
848 2077 932 2107 night,
947 2076 1032 2099 deriv-

361 2120 405 2150 ing
420 2119 486 2142 from
504 2119 547 2141 the
565 2119 661 2150 fingers
680 2120 708 2142 of
721 2120 760 2142 his
779 2118 947 2150 unemployed
964 2119 1033 2142 hand

361 2161 404 2183 the
416 2167 553 2191 necessary
564 2160 637 2191 light.
666 2161 721 2184 The
731 2161 818 2190 abbot,
830 2161 906 2192 being
917 2160 1033 2184 desimus

1080 1738 1108 1758 to
1119 1739 1165 1766 get
1181 1735 1247 1758 back
1260 1734 1303 1758 the
1316 1735 1389 1764 book,
1403 1739 1461 1759 sent
1473 1744 1488 1759 a
1503 1744 1651 1769 messenger
1663 1742 1691 1761 to
1707 1738 1751 1762 the

1081 1777 1183 1805 church,
1194 1777 1258 1805 who,
1271 1778 1364 1809 spying
1372 1778 1484 1810 through
1494 1787 1509 1802 a
1518 1779 1575 1803 hoie
1587 1780 1612 1803 in
1622 1780 1665 1804 the
1678 1780 1749 1809 door,

1081 1819 1172 1842 beheld
1185 1819 1229 1843 the
1250 1820 1318 1844 saint
1334 1820 1367 1852 by
1383 1821 1427 1844 the
1443 1821 1509 1852 light
1528 1822 1556 1846 of
1571 1823 1609 1846 his
1626 1823 1751 1847 luminous

1080 1862 1163 1888 hand;
1184 1862 1230 1886 but
1247 1863 1320 1886 while
1335 1863 1365 1886 he
1383 1871 1435 1887 was
1451 1864 1510 1888 thus
1529 1865 1655 1897 engaged,
1675 1874 1691 1890 a
1708 1870 1752 1897 pet

1082 1912 1159 1928 crane
1175 1905 1315 1937 belonging
1331 1910 1358 1929 to
1371 1906 1414 1929 the
1432 1911 1588 1939 monastery,
1604 1909 1686 1932 which
1700 1909 1751 1932 had

1081 1948 1200 1972 followed
1210 1950 1246 1972 St.
1253 1949 1377 1973 Columba
1386 1950 1440 1973 into
1448 1950 1491 1974 the
1501 1951 1603 1979 chureh,
1612 1959 1682 1975 came
1691 1959 1753 1976 over

1083 1994 1110 2014 to
1128 1992 1170 2014 the
1189 1991 1260 2019 door,
1279 1992 1330 2015 and
1349 1993 1455 2024 putting
1475 1993 1509 2017 its
1528 1993 1571 2017 bill
1590 1998 1618 2017 to
1634 1994 1678 2018 the
1695 1994 1753 2018 hole

1084 2033 1176 2064 picked
1190 2038 1234 2057 out
1252 2034 1295 2057 the
1311 2034 1454 2058 observer's
1472 2036 1586 2067 eye—ii.
1602 2044 1610 2059 1
1625 2036 1686 2067 (Tr.
1703 2037 1751 2060 Th.

1085 2084 1108 2107 p.
1122 2077 1168 2105 408
1180 2076 1208 2104 ὸς
1225 2077 1283 2099 Act.
1299 2077 1344 2101 SS.
1357 2085 1379 2108 p.
1394 2077 1470 2106 ⁶44b.
1490 2078 1573 2101 where
1589 2078 1632 2101 the
1651 2079 1753 2103 version

1085 2119 1106 2141 is
1125 2118 1264 2149 different).
1307 2120 1330 2142 A
1350 2119 1448 2142 similar
1465 2123 1537 2151 story
1555 2120 1576 2143 is
1594 2120 1650 2144 told
1667 2121 1693 2145 in
1710 2122 1754 2146 the

1087 2161 1142 2185 Life
1156 2161 1184 2184 of
1195 2162 1231 2184 St.
1243 2162 1326 2185 Senan
1338 2162 1411 2192 (Act.
1424 2162 1468 2185 SS.
1482 2170 1504 2193 p.
1514 2163 1558 2192 607
1574 2163 1648 2195 [517]
1661 2165 1697 2195 a).
