<?xml version="1.0" encoding="UTF-8"?>
<!DOCTYPE html PUBLIC "-//W3C//DTD XHTML 1.0 Transitional//EN"
    "http://www.w3.org/TR/xhtml1/DTD/xhtml1-transitional.dtd">
<html xmlns="http://www.w3.org/1999/xhtml" xml:lang="en" lang="en">
 <head>
  <title>
</title>
<meta http-equiv="Content-Type" content="text/html;charset=utf-8" />
  <meta name='ocr-system' content='tesseract 3.04.00' />
  <meta name='ocr-capabilities' content='ocr_page ocr_carea ocr_par ocr_line ocrx_word'/>
</head>
<body>
  <div class='ocr_page' id='page_1' title='image "./vitasancticolumb00adam_0103.png"; bbox 0 0 1914 2518; ppageno 0'>
   <div class='ocr_carea' id='block_1_1' title="bbox 167 213 1582 353">
    <p class='ocr_par' dir='ltr' id='par_1_1' title="bbox 167 213 1582 353">
     <span class='ocr_line' id='line_1_1' title="bbox 167 213 1582 353; baseline 0 2165"><span class='ocrx_word' id='word_1_1' title='bbox 167 213 1582 353; x_wconf 95' lang='lat' dir='ltr'> </span> 
     </span>
    </p>
   </div>
   <div class='ocr_carea' id='block_1_2' title="bbox 270 573 501 626">
    <p class='ocr_par' dir='ltr' id='par_1_2' title="bbox 270 573 501 626">
     <span class='ocr_line' id='line_1_2' title="bbox 270 573 501 626; baseline -0.004 0"><span class='ocrx_word' id='word_1_2' title='bbox 270 573 501 626; x_wconf 58' lang='lat' dir='ltr'><strong>VffTA</strong></span> 
     </span>
    </p>
   </div>
   <div class='ocr_carea' id='block_1_3' title="bbox 562 570 1462 627">
    <p class='ocr_par' dir='ltr' id='par_1_3' title="bbox 562 570 1462 627">
     <span class='ocr_line' id='line_1_3' title="bbox 562 570 1462 627; baseline -0.003 0"><span class='ocrx_word' id='word_1_3' title='bbox 562 570 1462 627; x_wconf 81' lang='lat' dir='ltr'>SANCTIOOLUMBAE.</span> 
     </span>
    </p>
   </div>
   <div class='ocr_carea' id='block_1_4' title="bbox 407 804 1318 902">
    <p class='ocr_par' dir='ltr' id='par_1_4' title="bbox 407 804 1318 902">
     <span class='ocr_line' id='line_1_4' title="bbox 407 804 1318 840; baseline -0.003 -2"><span class='ocrx_word' id='word_1_4' title='bbox 407 807 480 838; x_wconf 63' lang='grc' dir='ltr'>ἸΝ</span> <span class='ocrx_word' id='word_1_5' title='bbox 506 807 701 840; x_wconf 82' lang='lat' dir='ltr'>NOMINE</span> <span class='ocrx_word' id='word_1_6' title='bbox 724 806 844 838; x_wconf 78' lang='lat' dir='ltr'>JESU</span> <span class='ocrx_word' id='word_1_7' title='bbox 869 804 1071 838; x_wconf 83' lang='lat' dir='ltr'>CHRISTI</span> <span class='ocrx_word' id='word_1_8' title='bbox 1095 804 1318 837; x_wconf 82' lang='lat' dir='ltr'>ORDITUR</span> 
     </span>
     <span class='ocr_line' id='line_1_5' title="bbox 726 869 1001 902; baseline -0.011 0"><span class='ocrx_word' id='word_1_9' title='bbox 726 869 1001 902; x_wconf 73' lang='lat' dir='ltr'>PRAEFATIO.</span> 
     </span>
    </p>
   </div>
   <div class='ocr_carea' id='block_1_5' title="bbox 163 957 504 1302">
    <p class='ocr_par' dir='ltr' id='par_1_5' title="bbox 163 957 504 1302">
     <span class='ocr_line' id='line_1_6' title="bbox 163 957 504 1302; baseline 0 1216"><span class='ocrx_word' id='word_1_10' title='bbox 163 957 504 1302; x_wconf 95' lang='lat' dir='ltr'> </span> 
     </span>
    </p>
   </div>
   <div class='ocr_carea' id='block_1_6' title="bbox 507 952 1563 1321">
    <p class='ocr_par' dir='ltr' id='par_1_6' title="bbox 507 952 1563 1321">
     <span class='ocr_line' id='line_1_7' title="bbox 507 952 1563 995; baseline -0.007 -7"><span class='ocrx_word' id='word_1_11' title='bbox 507 957 627 988; x_wconf 77' lang='lat' dir='ltr'>EATI</span> <span class='ocrx_word' id='word_1_12' title='bbox 655 957 753 989; x_wconf 80' lang='lat' dir='ltr'>nostri</span> <span class='ocrx_word' id='word_1_13' title='bbox 785 956 926 993; x_wconf 84' lang='lat' dir='ltr'>Patroni,</span> <span class='ocrx_word' id='word_1_14' title='bbox 954 955 1084 988; x_wconf 84' lang='lat' dir='ltr'>Christo</span> <span class='ocrx_word' id='word_1_15' title='bbox 1115 954 1334 995; x_wconf 79' lang='lat' dir='ltr'>²suffragante,</span> <span class='ocrx_word' id='word_1_16' title='bbox 1363 952 1461 983; x_wconf 76' lang='lat' dir='ltr'>vitam</span> <span class='ocrx_word' id='word_1_17' title='bbox 1493 952 1563 981; x_wconf 84' lang='lat' dir='ltr'>³de-</span> 
     </span>
     <span class='ocr_line' id='line_1_8' title="bbox 545 1005 1559 1053; baseline -0.007 -11"><span class='ocrx_word' id='word_1_18' title='bbox 545 1011 731 1053; x_wconf 79' lang='lat' dir='ltr'>scripturus,</span> <span class='ocrx_word' id='word_1_19' title='bbox 763 1012 897 1042; x_wconf 77' lang='lat' dir='ltr'>irati-um</span> <span class='ocrx_word' id='word_1_20' title='bbox 922 1009 1171 1051; x_wconf 83' lang='lat' dir='ltr'>flagitationibus</span> <span class='ocrx_word' id='word_1_21' title='bbox 1199 1006 1414 1039; x_wconf 73' lang='lat' dir='ltr'>obsecundare</span> <span class='ocrx_word' id='word_1_22' title='bbox 1439 1005 1559 1039; x_wconf 75' lang='lat' dir='ltr'>volens,</span> 
     </span>
     <span class='ocr_line' id='line_1_9' title="bbox 544 1060 1562 1106; baseline -0.008 -10"><span class='ocrx_word' id='word_1_23' title='bbox 544 1065 577 1095; x_wconf 91' lang='lat' dir='ltr'>in</span> <span class='ocrx_word' id='word_1_24' title='bbox 598 1064 707 1106; x_wconf 84' lang='lat' dir='ltr'>primis</span> <span class='ocrx_word' id='word_1_25' title='bbox 734 1064 866 1095; x_wconf 84' lang='lat' dir='ltr'>eandem</span> <span class='ocrx_word' id='word_1_26' title='bbox 893 1063 1030 1094; x_wconf 81' lang='lat' dir='ltr'>lecturos</span> <span class='ocrx_word' id='word_1_27' title='bbox 1061 1072 1205 1103; x_wconf 77' lang='lat' dir='ltr'>quosque</span> <span class='ocrx_word' id='word_1_28' title='bbox 1236 1060 1420 1091; x_wconf 60' lang='lat' dir='ltr'>*admonere</span> <span class='ocrx_word' id='word_1_29' title='bbox 1450 1069 1562 1100; x_wconf 80' lang='lat' dir='ltr'>procu-</span> 
     </span>
     <span class='ocr_line' id='line_1_10' title="bbox 544 1112 1561 1156; baseline -0.009 -6"><span class='ocrx_word' id='word_1_30' title='bbox 544 1119 619 1150; x_wconf 88' lang='lat' dir='ltr'>rabo</span> <span class='ocrx_word' id='word_1_31' title='bbox 638 1124 675 1149; x_wconf 81' lang='lat' dir='ltr'>ut</span> <span class='ocrx_word' id='word_1_32' title='bbox 691 1118 787 1149; x_wconf 84' lang='lat' dir='ltr'>fidem</span> <span class='ocrx_word' id='word_1_33' title='bbox 805 1117 898 1149; x_wconf 82' lang='lat' dir='ltr'>dictis</span> <span class='ocrx_word' id='word_1_34' title='bbox 921 1116 1093 1147; x_wconf 79' lang='lat' dir='ltr'>adhibeant</span> <span class='ocrx_word' id='word_1_35' title='bbox 1117 1114 1312 1156; x_wconf 76' lang='lat' dir='ltr'>flcompertis,</span> <span class='ocrx_word' id='word_1_36' title='bbox 1339 1118 1371 1144; x_wconf 87' lang='lat' dir='ltr'>et</span> <span class='ocrx_word' id='word_1_37' title='bbox 1389 1124 1438 1144; x_wconf 88' lang='lat' dir='ltr'>res</span> <span class='ocrx_word' id='word_1_38' title='bbox 1461 1112 1561 1154; x_wconf 70' lang='lat' dir='ltr'>inagis</span> 
     </span>
     <span class='ocr_line' id='line_1_11' title="bbox 544 1166 1562 1213; baseline -0.007 -10"><span class='ocrx_word' id='word_1_39' title='bbox 544 1184 639 1213; x_wconf 84' lang='lat' dir='ltr'>quam</span> <span class='ocrx_word' id='word_1_40' title='bbox 670 1173 766 1203; x_wconf 85' lang='lat' dir='ltr'>verba</span> <span class='ocrx_word' id='word_1_41' title='bbox 799 1171 1005 1213; x_wconf 84' lang='lat' dir='ltr'>perpendant,</span> <span class='ocrx_word' id='word_1_42' title='bbox 1039 1181 1120 1211; x_wconf 86' lang='lat' dir='ltr'>quae,</span> <span class='ocrx_word' id='word_1_43' title='bbox 1148 1175 1185 1200; x_wconf 80' lang='lat' dir='ltr'>ut</span> <span class='ocrx_word' id='word_1_44' title='bbox 1216 1168 1348 1204; x_wconf 80' lang='lat' dir='ltr'>aesthno,</span> <span class='ocrx_word' id='word_1_45' title='bbox 1380 1166 1501 1197; x_wconf 84' lang='lat' dir='ltr'>inculta</span> <span class='ocrx_word' id='word_1_46' title='bbox 1530 1172 1562 1197; x_wconf 83' lang='lat' dir='ltr'>et</span> 
     </span>
     <span class='ocr_line' id='line_1_12' title="bbox 545 1220 1562 1264; baseline -0.008 -7"><span class='ocrx_word' id='word_1_47' title='bbox 545 1226 619 1257; x_wconf 77' lang='lat' dir='ltr'>vilia</span> <span class='ocrx_word' id='word_1_48' title='bbox 649 1237 716 1257; x_wconf 78' lang='lat' dir='ltr'>esse</span> <span class='ocrx_word' id='word_1_49' title='bbox 747 1225 917 1261; x_wconf 61' lang='lat' dir='ltr'>videntum</span> <span class='ocrx_word' id='word_1_50' title='bbox 942 1224 1209 1264; x_wconf 78' lang='lat' dir='ltr'>meminerintque</span> <span class='ocrx_word' id='word_1_51' title='bbox 1239 1232 1374 1263; x_wconf 85' lang='lat' dir='ltr'>regnum</span> <span class='ocrx_word' id='word_1_52' title='bbox 1406 1220 1468 1251; x_wconf 85' lang='lat' dir='ltr'>Dei</span> <span class='ocrx_word' id='word_1_53' title='bbox 1499 1230 1562 1250; x_wconf 85' lang='lat' dir='ltr'>non</span> 
     </span>
     <span class='ocr_line' id='line_1_13' title="bbox 543 1274 1562 1321; baseline -0.006 -11"><span class='ocrx_word' id='word_1_54' title='bbox 543 1279 575 1310; x_wconf 90' lang='lat' dir='ltr'>in</span> <span class='ocrx_word' id='word_1_55' title='bbox 603 1279 793 1321; x_wconf 77' lang='lat' dir='ltr'>eloquentiae</span> <span class='ocrx_word' id='word_1_56' title='bbox 818 1278 1034 1314; x_wconf 80' lang='lat' dir='ltr'>exuberantia,</span> <span class='ocrx_word' id='word_1_57' title='bbox 1057 1278 1112 1309; x_wconf 82' lang='lat' dir='ltr'>sed</span> <span class='ocrx_word' id='word_1_58' title='bbox 1136 1276 1169 1307; x_wconf 90' lang='lat' dir='ltr'>in</span> <span class='ocrx_word' id='word_1_59' title='bbox 1192 1276 1265 1307; x_wconf 85' lang='lat' dir='ltr'>fidei</span> <span class='ocrx_word' id='word_1_60' title='bbox 1286 1274 1465 1306; x_wconf 82' lang='lat' dir='ltr'>florulentia</span> <span class='ocrx_word' id='word_1_61' title='bbox 1489 1285 1562 1305; x_wconf 86' lang='lat' dir='ltr'>con-</span> 
     </span>
    </p>
   </div>
   <div class='ocr_carea' id='block_1_7' title="bbox 165 1326 1561 1372">
    <p class='ocr_par' dir='ltr' id='par_1_7' title="bbox 165 1326 1561 1372">
     <span class='ocr_line' id='line_1_14' title="bbox 165 1326 1561 1372; baseline -0.002 -13"><span class='ocrx_word' id='word_1_62' title='bbox 165 1334 282 1364; x_wconf 71' lang='lat' dir='ltr'>stare²¹3</span> <span class='ocrx_word' id='word_1_63' title='bbox 321 1336 353 1361; x_wconf 87' lang='lat' dir='ltr'>et</span> <span class='ocrx_word' id='word_1_64' title='bbox 383 1341 441 1361; x_wconf 85' lang='lat' dir='ltr'>nec</span> <span class='ocrx_word' id='word_1_65' title='bbox 473 1332 513 1361; x_wconf 82' lang='lat' dir='ltr'>ob</span> <span class='ocrx_word' id='word_1_66' title='bbox 543 1331 649 1372; x_wconf 81' lang='lat' dir='ltr'>aliqua</span> <span class='ocrx_word' id='word_1_67' title='bbox 688 1331 844 1367; x_wconf 68' lang='lat' dir='ltr'>‚Scoticae&#39;&#39;‚</span> <span class='ocrx_word' id='word_1_68' title='bbox 885 1329 953 1361; x_wconf 82' lang='lat' dir='ltr'>vilis</span> <span class='ocrx_word' id='word_1_69' title='bbox 980 1329 1127 1360; x_wconf 78' lang='lat' dir='ltr'>videlicet</span> <span class='ocrx_word' id='word_1_70' title='bbox 1153 1328 1297 1370; x_wconf 80' lang='lat' dir='ltr'>⁶linguae,</span> <span class='ocrx_word' id='word_1_71' title='bbox 1329 1332 1386 1358; x_wconf 82' lang='lat' dir='ltr'>aut</span> <span class='ocrx_word' id='word_1_72' title='bbox 1410 1326 1561 1357; x_wconf 77' lang='lat' dir='ltr'>⁷humana</span> 
     </span>
    </p>
   </div>
   <div class='ocr_carea' id='block_1_8' title="bbox 164 1413 1561 1475">
    <p class='ocr_par' dir='ltr' id='par_1_8' title="bbox 164 1413 1561 1475">
     <span class='ocr_line' id='line_1_15' title="bbox 218 1413 1560 1444; baseline -0.001 -8"><span class='ocrx_word' id='word_1_73' title='bbox 218 1417 222 1431; x_wconf 88' lang='lat'>¹</span> <span class='ocrx_word' id='word_1_74' title='bbox 233 1415 317 1443; x_wconf 70' lang='lat' dir='ltr'>Incipit</span> <span class='ocrx_word' id='word_1_75' title='bbox 328 1415 402 1444; x_wconf 81' lang='lat' dir='ltr'>prima</span> <span class='ocrx_word' id='word_1_76' title='bbox 412 1416 523 1444; x_wconf 83' lang='lat' dir='ltr'>praefatio</span> <span class='ocrx_word' id='word_1_77' title='bbox 539 1415 690 1444; x_wconf 71' lang='lat' dir='ltr'>apologiaque</span> <span class='ocrx_word' id='word_1_78' title='bbox 708 1415 839 1437; x_wconf 78' lang='lat' dir='ltr'>Adumnaui</span> <span class='ocrx_word' id='word_1_79' title='bbox 852 1415 943 1437; x_wconf 74' lang='lat' dir='ltr'>abbatis</span> <span class='ocrx_word' id='word_1_80' title='bbox 959 1414 1032 1436; x_wconf 72' lang='lat' dir='ltr'>sancti</span> <span class='ocrx_word' id='word_1_81' title='bbox 1050 1414 1166 1442; x_wconf 72' lang='lat' dir='ltr'>scriptoris</span> <span class='ocrx_word' id='word_1_82' title='bbox 1183 1413 1206 1435; x_wconf 91' lang='lat' dir='ltr'>in</span> <span class='ocrx_word' id='word_1_83' title='bbox 1218 1413 1293 1435; x_wconf 80' lang='lat' dir='ltr'>vitam</span> <span class='ocrx_word' id='word_1_84' title='bbox 1306 1413 1328 1435; x_wconf 87' lang='lat' dir='ltr'>S.</span> <span class='ocrx_word' id='word_1_85' title='bbox 1343 1413 1461 1435; x_wconf 80' lang='lat' dir='ltr'>Coluiubae</span> <span class='ocrx_word' id='word_1_86' title='bbox 1474 1413 1560 1435; x_wconf 63' lang='lat' dir='ltr'>coufes-</span> 
     </span>
     <span class='ocr_line' id='line_1_16' title="bbox 164 1445 1561 1475; baseline -0.001 -7"><span class='ocrx_word' id='word_1_87' title='bbox 164 1448 220 1469; x_wconf 73' lang='lat' dir='ltr'>soris</span> <span class='ocrx_word' id='word_1_88' title='bbox 232 1451 253 1469; x_wconf 82' lang='lat' dir='ltr'>et</span> <span class='ocrx_word' id='word_1_89' title='bbox 266 1448 356 1469; x_wconf 78' lang='lat' dir='ltr'>abbatis</span> <span class='ocrx_word' id='word_1_90' title='bbox 368 1447 476 1469; x_wconf 85' lang='lat' dir='ltr'>C.—vite</span> <span class='ocrx_word' id='word_1_91' title='bbox 488 1448 561 1470; x_wconf 82' lang='lat' dir='ltr'>sancti</span> <span class='ocrx_word' id='word_1_92' title='bbox 574 1448 700 1470; x_wconf 74' lang='lat' dir='ltr'>Columbae</span> <span class='ocrx_word' id='word_1_93' title='bbox 714 1448 736 1470; x_wconf 91' lang='lat' dir='ltr'>S.</span> <span class='ocrx_word' id='word_1_94' title='bbox 774 1447 858 1475; x_wconf 68' lang='lat' dir='ltr'>Incipit</span> <span class='ocrx_word' id='word_1_95' title='bbox 871 1447 978 1475; x_wconf 74' lang='lat' dir='ltr'>prologus</span> <span class='ocrx_word' id='word_1_96' title='bbox 991 1447 1124 1468; x_wconf 81' lang='lat' dir='ltr'>Adamnani</span> <span class='ocrx_word' id='word_1_97' title='bbox 1139 1446 1230 1468; x_wconf 81' lang='lat' dir='ltr'>abbatis</span> <span class='ocrx_word' id='word_1_98' title='bbox 1248 1446 1272 1467; x_wconf 90' lang='lat' dir='ltr'>in</span> <span class='ocrx_word' id='word_1_99' title='bbox 1288 1446 1338 1467; x_wconf 76' lang='lat' dir='ltr'>vita</span> <span class='ocrx_word' id='word_1_100' title='bbox 1356 1445 1430 1467; x_wconf 70' lang='lat' dir='ltr'>sancti</span> <span class='ocrx_word' id='word_1_101' title='bbox 1443 1445 1561 1468; x_wconf 66' lang='lat' dir='ltr'>Columba·</span> 
     </span>
    </p>
   </div>
   <div class='ocr_carea' id='block_1_9' title="bbox 164 1479 694 1573">
    <p class='ocr_par' dir='ltr' id='par_1_9' title="bbox 164 1479 694 1573">
     <span class='ocr_line' id='line_1_17' title="bbox 165 1479 589 1501; baseline 0.002 -1"><span class='ocrx_word' id='word_1_102' title='bbox 165 1479 256 1501; x_wconf 81' lang='lat' dir='ltr'>abbatis</span> <span class='ocrx_word' id='word_1_103' title='bbox 269 1484 290 1501; x_wconf 72' lang='lat' dir='ltr'>et</span> <span class='ocrx_word' id='word_1_104' title='bbox 303 1480 435 1501; x_wconf 74' lang='lat' dir='ltr'>confessoris</span> <span class='ocrx_word' id='word_1_105' title='bbox 448 1480 473 1501; x_wconf 83' lang='lat' dir='ltr'>D.</span> <span class='ocrx_word' id='word_1_106' title='bbox 509 1488 551 1501; x_wconf 84' lang='lat' dir='ltr'>om.</span> <span class='ocrx_word' id='word_1_107' title='bbox 565 1480 589 1501; x_wconf 76' lang='lat' dir='ltr'>F.</span> 
     </span>
     <span class='ocr_line' id='line_1_18' title="bbox 164 1512 694 1540; baseline 0.004 -8"><span class='ocrx_word' id='word_1_108' title='bbox 164 1514 172 1527; x_wconf 61' lang='lat'>²</span> <span class='ocrx_word' id='word_1_109' title='bbox 185 1512 318 1540; x_wconf 68' lang='lat' dir='ltr'>sxffragante</span> <span class='ocrx_word' id='word_1_110' title='bbox 336 1512 363 1533; x_wconf 76' lang='lat' dir='ltr'>A.</span> <span class='ocrx_word' id='word_1_111' title='bbox 416 1512 425 1525; x_wconf 83' lang='lat'>³</span> <span class='ocrx_word' id='word_1_112' title='bbox 437 1512 586 1540; x_wconf 77' lang='lat' dir='ltr'>discripturus</span> <span class='ocrx_word' id='word_1_113' title='bbox 598 1513 626 1534; x_wconf 72' lang='lat' dir='ltr'>A.</span> <span class='ocrx_word' id='word_1_114' title='bbox 638 1512 662 1534; x_wconf 73' lang='lat' dir='ltr'>F.</span> <span class='ocrx_word' id='word_1_115' title='bbox 672 1512 694 1534; x_wconf 79' lang='lat' dir='ltr'>S.</span> 
     </span>
     <span class='ocr_line' id='line_1_19' title="bbox 164 1544 555 1573; baseline 0.003 -9"><span class='ocrx_word' id='word_1_116' title='bbox 164 1545 170 1557; x_wconf 72' lang='lat'><strong>⁷</strong></span> <span class='ocrx_word' id='word_1_117' title='bbox 185 1546 279 1566; x_wconf 76' lang='lat' dir='ltr'>nomina</span> <span class='ocrx_word' id='word_1_118' title='bbox 291 1544 397 1566; x_wconf 70' lang='lat' dir='ltr'>anomala</span> <span class='ocrx_word' id='word_1_119' title='bbox 410 1544 485 1573; x_wconf 75' lang='lat' dir='ltr'>inepte</span> <span class='ocrx_word' id='word_1_120' title='bbox 498 1544 555 1566; x_wconf 67' lang='lat' dir='ltr'>BnlL</span> 
     </span>
    </p>
   </div>
   <div class='ocr_carea' id='block_1_10' title="bbox 161 1613 835 2235">
    <p class='ocr_par' dir='ltr' id='par_1_10' title="bbox 161 1613 835 2152">
     <span class='ocr_line' id='line_1_20' title="bbox 201 1613 832 1645; baseline 0 -8"><span class='ocrx_word' id='word_1_121' title='bbox 201 1620 205 1627; x_wconf 79' lang='lat'><strong>¹</strong></span> <span class='ocrx_word' id='word_1_122' title='bbox 221 1614 410 1637; x_wconf 48' lang='lat' dir='ltr'>Constare—a</span> <span class='ocrx_word' id='word_1_123' title='bbox 427 1613 586 1645; x_wconf 83' lang='lat' dir='ltr'>paraphrase</span> <span class='ocrx_word' id='word_1_124' title='bbox 604 1614 633 1637; x_wconf 86' lang='lat' dir='ltr'>of</span> <span class='ocrx_word' id='word_1_125' title='bbox 652 1622 659 1636; x_wconf 92' lang='grc' dir='ltr'>ι</span> <span class='ocrx_word' id='word_1_126' title='bbox 675 1614 734 1637; x_wconf 92' lang='lat' dir='ltr'>Cor.</span> <span class='ocrx_word' id='word_1_127' title='bbox 747 1613 779 1636; x_wconf 81' lang='lat' dir='ltr'>iv.</span> <span class='ocrx_word' id='word_1_128' title='bbox 796 1622 832 1638; x_wconf 82' lang='lat'>20.</span> 
     </span>
     <span class='ocr_line' id='line_1_21' title="bbox 164 1655 835 1688; baseline -0.001 -9"><span class='ocrx_word' id='word_1_129' title='bbox 164 1656 304 1688; x_wconf 70' lang='lat' dir='ltr'>suggested</span> <span class='ocrx_word' id='word_1_130' title='bbox 315 1656 347 1688; x_wconf 88' lang='lat' dir='ltr'>by</span> <span class='ocrx_word' id='word_1_131' title='bbox 356 1656 400 1679; x_wconf 89' lang='lat' dir='ltr'>the</span> <span class='ocrx_word' id='word_1_132' title='bbox 409 1664 520 1687; x_wconf 83' lang='lat' dir='ltr'>passage</span> <span class='ocrx_word' id='word_1_133' title='bbox 531 1656 555 1679; x_wconf 89' lang='lat' dir='ltr'>in</span> <span class='ocrx_word' id='word_1_134' title='bbox 566 1656 635 1688; x_wconf 90' lang='lat' dir='ltr'>Sulp.</span> <span class='ocrx_word' id='word_1_135' title='bbox 646 1656 764 1680; x_wconf 83' lang='lat' dir='ltr'>Severus&#39;</span> <span class='ocrx_word' id='word_1_136' title='bbox 775 1655 835 1678; x_wconf 88' lang='lat' dir='ltr'>Pre-</span> 
     </span>
     <span class='ocr_line' id='line_1_22' title="bbox 164 1697 833 1728; baseline 0 -8"><span class='ocrx_word' id='word_1_137' title='bbox 164 1698 220 1721; x_wconf 81' lang='lat' dir='ltr'>face</span> <span class='ocrx_word' id='word_1_138' title='bbox 233 1702 260 1721; x_wconf 88' lang='lat' dir='ltr'>to</span> <span class='ocrx_word' id='word_1_139' title='bbox 272 1697 310 1721; x_wconf 84' lang='lat' dir='ltr'>his</span> <span class='ocrx_word' id='word_1_140' title='bbox 325 1697 381 1721; x_wconf 82' lang='lat' dir='ltr'>Life</span> <span class='ocrx_word' id='word_1_141' title='bbox 395 1697 423 1721; x_wconf 88' lang='lat' dir='ltr'>of</span> <span class='ocrx_word' id='word_1_142' title='bbox 434 1698 471 1721; x_wconf 90' lang='lat' dir='ltr'>St.</span> <span class='ocrx_word' id='word_1_143' title='bbox 485 1698 598 1721; x_wconf 80' lang='lat' dir='ltr'>Mai-tiu:</span> <span class='ocrx_word' id='word_1_144' title='bbox 621 1697 680 1720; x_wconf 77' lang='lat' dir='ltr'>“Ut</span> <span class='ocrx_word' id='word_1_145' title='bbox 695 1704 735 1720; x_wconf 87' lang='lat' dir='ltr'>res</span> <span class='ocrx_word' id='word_1_146' title='bbox 748 1697 833 1728; x_wconf 81' lang='lat' dir='ltr'>potius</span> 
     </span>
     <span class='ocr_line' id='line_1_23' title="bbox 163 1739 833 1771; baseline 0 -9"><span class='ocrx_word' id='word_1_147' title='bbox 163 1747 239 1770; x_wconf 82' lang='lat' dir='ltr'>quam</span> <span class='ocrx_word' id='word_1_148' title='bbox 252 1739 331 1763; x_wconf 84' lang='lat' dir='ltr'>verba</span> <span class='ocrx_word' id='word_1_149' title='bbox 342 1739 511 1771; x_wconf 85' lang='lat' dir='ltr'>perpendant,</span> <span class='ocrx_word' id='word_1_150' title='bbox 526 1743 552 1763; x_wconf 92' lang='lat' dir='ltr'>et</span> <span class='ocrx_word' id='word_1_151' title='bbox 562 1747 635 1771; x_wconf 81' lang='lat' dir='ltr'>aequo</span> <span class='ocrx_word' id='word_1_152' title='bbox 648 1739 732 1763; x_wconf 84' lang='lat' dir='ltr'>animo</span> <span class='ocrx_word' id='word_1_153' title='bbox 740 1739 833 1767; x_wconf 76' lang='lat' dir='ltr'>serant,</span> 
     </span>
     <span class='ocr_line' id='line_1_24' title="bbox 162 1783 834 1813; baseline 0 -8"><span class='ocrx_word' id='word_1_154' title='bbox 162 1783 182 1805; x_wconf 87' lang='lat' dir='ltr'>si</span> <span class='ocrx_word' id='word_1_155' title='bbox 196 1789 271 1805; x_wconf 84' lang='lat' dir='ltr'>aures</span> <span class='ocrx_word' id='word_1_156' title='bbox 290 1790 377 1805; x_wconf 89' lang='lat' dir='ltr'>eorum</span> <span class='ocrx_word' id='word_1_157' title='bbox 394 1783 500 1805; x_wconf 83' lang='lat' dir='ltr'>vitiosus</span> <span class='ocrx_word' id='word_1_158' title='bbox 520 1783 628 1806; x_wconf 81' lang='lat' dir='ltr'>forsitan</span> <span class='ocrx_word' id='word_1_159' title='bbox 644 1790 727 1805; x_wconf 88' lang='lat' dir='ltr'>sermo</span> <span class='ocrx_word' id='word_1_160' title='bbox 745 1789 834 1813; x_wconf 80' lang='lat' dir='ltr'>percu-</span> 
     </span>
     <span class='ocr_line' id='line_1_25' title="bbox 163 1823 834 1856; baseline 0 -10"><span class='ocrx_word' id='word_1_161' title='bbox 163 1824 236 1851; x_wconf 81' lang='lat' dir='ltr'>lerit;</span> <span class='ocrx_word' id='word_1_162' title='bbox 251 1824 311 1856; x_wconf 85' lang='lat' dir='ltr'>quia</span> <span class='ocrx_word' id='word_1_163' title='bbox 324 1832 430 1856; x_wconf 83' lang='lat' dir='ltr'>regnum</span> <span class='ocrx_word' id='word_1_164' title='bbox 441 1825 489 1848; x_wconf 86' lang='lat' dir='ltr'>Dei</span> <span class='ocrx_word' id='word_1_165' title='bbox 499 1825 581 1847; x_wconf 89' lang='lat' dir='ltr'>nonin</span> <span class='ocrx_word' id='word_1_166' title='bbox 591 1824 743 1855; x_wconf 74' lang='lat' dir='ltr'>eloquentia.</span> <span class='ocrx_word' id='word_1_167' title='bbox 753 1823 797 1847; x_wconf 81' lang='lat' dir='ltr'>sed</span> <span class='ocrx_word' id='word_1_168' title='bbox 810 1823 834 1846; x_wconf 86' lang='lat' dir='ltr'>in</span> 
     </span>
     <span class='ocr_line' id='line_1_26' title="bbox 162 1865 835 1891; baseline 0 -2"><span class='ocrx_word' id='word_1_169' title='bbox 162 1866 211 1889; x_wconf 74' lang='lat' dir='ltr'>tide</span> <span class='ocrx_word' id='word_1_170' title='bbox 224 1870 334 1891; x_wconf 82' lang='lat' dir='ltr'>constat.</span> <span class='ocrx_word' id='word_1_171' title='bbox 354 1867 517 1890; x_wconf 80' lang='lat' dir='ltr'>Meminerint</span> <span class='ocrx_word' id='word_1_172' title='bbox 529 1867 607 1890; x_wconf 84' lang='lat' dir='ltr'>etiam</span> <span class='ocrx_word' id='word_1_173' title='bbox 620 1866 729 1890; x_wconf 85' lang='lat' dir='ltr'>salutem</span> <span class='ocrx_word' id='word_1_174' title='bbox 742 1865 835 1889; x_wconf 81' lang='lat' dir='ltr'>saeculo</span> 
     </span>
     <span class='ocr_line' id='line_1_27' title="bbox 162 1908 834 1940; baseline 0.001 -9"><span class='ocrx_word' id='word_1_175' title='bbox 162 1916 211 1931; x_wconf 89' lang='lat' dir='ltr'>non</span> <span class='ocrx_word' id='word_1_176' title='bbox 224 1908 255 1931; x_wconf 89' lang='lat' dir='ltr'>ab</span> <span class='ocrx_word' id='word_1_177' title='bbox 268 1908 423 1935; x_wconf 84' lang='lat' dir='ltr'>oratoribus,</span> <span class='ocrx_word' id='word_1_178' title='bbox 438 1908 483 1932; x_wconf 85' lang='lat' dir='ltr'>sed</span> <span class='ocrx_word' id='word_1_179' title='bbox 496 1916 510 1932; x_wconf 91' lang='lat' dir='ltr'>a</span> <span class='ocrx_word' id='word_1_180' title='bbox 520 1908 691 1940; x_wconf 80' lang='lat' dir='ltr'>piscatoribus</span> <span class='ocrx_word' id='word_1_181' title='bbox 701 1916 756 1931; x_wconf 82' lang='lat' dir='ltr'>esse</span> <span class='ocrx_word' id='word_1_182' title='bbox 769 1916 834 1939; x_wconf 81' lang='lat' dir='ltr'>prae-</span> 
     </span>
     <span class='ocr_line' id='line_1_28' title="bbox 162 1950 832 1982; baseline -0.001 -8"><span class='ocrx_word' id='word_1_183' title='bbox 162 1950 389 1974; x_wconf 72' lang='lat' dir='ltr'>dicatam.”.-Lib.</span> <span class='ocrx_word' id='word_1_184' title='bbox 404 1951 508 1974; x_wconf 80' lang='lat' dir='ltr'>Armae.</span> <span class='ocrx_word' id='word_1_185' title='bbox 526 1950 569 1973; x_wconf 83' lang='lat' dir='ltr'>fol.</span> <span class='ocrx_word' id='word_1_186' title='bbox 586 1959 626 1982; x_wconf 88' lang='lat'>191</span> <span class='ocrx_word' id='word_1_187' title='bbox 639 1959 685 1977; x_wconf 83' lang='grc' dir='ltr'>αα;</span> <span class='ocrx_word' id='word_1_188' title='bbox 706 1951 772 1982; x_wconf 85' lang='lat' dir='ltr'>Opp.</span> <span class='ocrx_word' id='word_1_189' title='bbox 787 1950 832 1973; x_wconf 88' lang='lat' dir='ltr'>Ed.</span> 
     </span>
     <span class='ocr_line' id='line_1_29' title="bbox 163 1992 832 2024; baseline 0 -9"><span class='ocrx_word' id='word_1_190' title='bbox 163 1992 261 2020; x_wconf 67' lang='lat' dir='ltr'>Horuii,</span> <span class='ocrx_word' id='word_1_191' title='bbox 285 1993 352 2022; x_wconf 82' lang='lat'>1654,</span> <span class='ocrx_word' id='word_1_192' title='bbox 374 2000 399 2024; x_wconf 90' lang='lat' dir='ltr'>p.</span> <span class='ocrx_word' id='word_1_193' title='bbox 423 1994 478 2022; x_wconf 79' lang='lat'>484.</span> <span class='ocrx_word' id='word_1_194' title='bbox 514 1993 598 2016; x_wconf 80' lang='lat' dir='ltr'>Other</span> <span class='ocrx_word' id='word_1_195' title='bbox 618 1992 697 2020; x_wconf 79' lang='lat' dir='ltr'>ideas,</span> <span class='ocrx_word' id='word_1_196' title='bbox 720 1992 771 2015; x_wconf 87' lang='lat' dir='ltr'>and</span> <span class='ocrx_word' id='word_1_197' title='bbox 790 1992 832 2015; x_wconf 87' lang='lat' dir='ltr'>the</span> 
     </span>
     <span class='ocr_line' id='line_1_30' title="bbox 161 2034 834 2066; baseline 0 -9"><span class='ocrx_word' id='word_1_198' title='bbox 161 2034 331 2066; x_wconf 76' lang='lat' dir='ltr'>employment</span> <span class='ocrx_word' id='word_1_199' title='bbox 354 2035 383 2058; x_wconf 88' lang='lat' dir='ltr'>of</span> <span class='ocrx_word' id='word_1_200' title='bbox 398 2039 449 2058; x_wconf 88' lang='lat' dir='ltr'>two</span> <span class='ocrx_word' id='word_1_201' title='bbox 467 2035 605 2066; x_wconf 87' lang='lat' dir='ltr'>prologues</span> <span class='ocrx_word' id='word_1_202' title='bbox 624 2035 649 2058; x_wconf 89' lang='lat' dir='ltr'>in</span> <span class='ocrx_word' id='word_1_203' title='bbox 667 2035 711 2058; x_wconf 89' lang='lat' dir='ltr'>the</span> <span class='ocrx_word' id='word_1_204' title='bbox 729 2037 834 2066; x_wconf 83' lang='lat' dir='ltr'>present</span> 
     </span>
     <span class='ocr_line' id='line_1_31' title="bbox 162 2077 833 2106; baseline 0 -6"><span class='ocrx_word' id='word_1_205' title='bbox 162 2085 227 2106; x_wconf 80' lang='lat' dir='ltr'>case,</span> <span class='ocrx_word' id='word_1_206' title='bbox 252 2085 319 2101; x_wconf 88' lang='lat' dir='ltr'>seem</span> <span class='ocrx_word' id='word_1_207' title='bbox 343 2082 370 2102; x_wconf 86' lang='lat' dir='ltr'>to</span> <span class='ocrx_word' id='word_1_208' title='bbox 394 2078 459 2101; x_wconf 82' lang='lat' dir='ltr'>have</span> <span class='ocrx_word' id='word_1_209' title='bbox 480 2078 543 2101; x_wconf 70' lang='lat' dir='ltr'>been</span> <span class='ocrx_word' id='word_1_210' title='bbox 562 2078 667 2101; x_wconf 86' lang='lat' dir='ltr'>derived</span> <span class='ocrx_word' id='word_1_211' title='bbox 687 2078 752 2102; x_wconf 85' lang='lat' dir='ltr'>from</span> <span class='ocrx_word' id='word_1_212' title='bbox 775 2077 833 2101; x_wconf 86' lang='lat' dir='ltr'>that</span> 
     </span>
     <span class='ocr_line' id='line_1_32' title="bbox 162 2119 603 2152; baseline 0.005 -11"><span class='ocrx_word' id='word_1_213' title='bbox 162 2119 269 2142; x_wconf 82' lang='lat' dir='ltr'>writer&#39;s</span> <span class='ocrx_word' id='word_1_214' title='bbox 283 2119 391 2143; x_wconf 82' lang='lat' dir='ltr'>Prefaee</span> <span class='ocrx_word' id='word_1_215' title='bbox 404 2120 454 2143; x_wconf 84' lang='lat' dir='ltr'>and</span> <span class='ocrx_word' id='word_1_216' title='bbox 468 2120 603 2152; x_wconf 80' lang='lat' dir='ltr'>Prologue.</span> 
     </span>
    </p>

    <p class='ocr_par' dir='ltr' id='par_1_11' title="bbox 164 2161 834 2235">
     <span class='ocr_line' id='line_1_33' title="bbox 195 2161 832 2193; baseline -0.002 -8"><span class='ocrx_word' id='word_1_217' title='bbox 195 2161 312 2185; x_wconf 67' lang='lat' dir='ltr'>&#39;&#39;Scoticoe</span> <span class='ocrx_word' id='word_1_218' title='bbox 331 2161 388 2185; x_wconf 79' lang='lat' dir='ltr'>vilis</span> <span class='ocrx_word' id='word_1_219' title='bbox 407 2161 611 2193; x_wconf 49' lang='lat' dir='ltr'>linqua-Tha</span> <span class='ocrx_word' id='word_1_220' title='bbox 623 2161 653 2189; x_wconf 89' lang='lat' dir='ltr'>is,</span> <span class='ocrx_word' id='word_1_221' title='bbox 673 2161 832 2185; x_wconf 76' lang='lat' dir='ltr'>Hibernicoe:</span> 
     </span>
     <span class='ocr_line' id='line_1_34' title="bbox 164 2202 834 2235; baseline 0.001 -9"><span class='ocrx_word' id='word_1_222' title='bbox 164 2202 248 2226; x_wconf 63' lang='lat' dir='ltr'>“Haec</span> <span class='ocrx_word' id='word_1_223' title='bbox 262 2203 413 2234; x_wconf 83' lang='lat' dir='ltr'>[Hibernia]</span> <span class='ocrx_word' id='word_1_224' title='bbox 431 2207 517 2227; x_wconf 83' lang='lat' dir='ltr'>autem</span> <span class='ocrx_word' id='word_1_225' title='bbox 535 2204 638 2235; x_wconf 86' lang='lat' dir='ltr'>proprie</span> <span class='ocrx_word' id='word_1_226' title='bbox 656 2204 743 2235; x_wconf 84' lang='lat' dir='ltr'>patria</span> <span class='ocrx_word' id='word_1_227' title='bbox 762 2204 834 2227; x_wconf 80' lang='lat' dir='ltr'>Scot-</span> 
     </span>
    </p>
   </div>
   <div class='ocr_carea' id='block_1_11' title="bbox 741 1511 1000 1534">
    <p class='ocr_par' dir='ltr' id='par_1_12' title="bbox 741 1511 1000 1534">
     <span class='ocr_line' id='line_1_35' title="bbox 741 1511 1000 1534; baseline -0.004 -1"><span class='ocrx_word' id='word_1_228' title='bbox 741 1514 749 1527; x_wconf 69' lang='lat'>⁴</span> <span class='ocrx_word' id='word_1_229' title='bbox 762 1519 891 1534; x_wconf 74' lang='lat' dir='ltr'>ammonere</span> <span class='ocrx_word' id='word_1_230' title='bbox 904 1512 932 1533; x_wconf 77' lang='lat' dir='ltr'>A.</span> <span class='ocrx_word' id='word_1_231' title='bbox 943 1511 966 1533; x_wconf 73' lang='lat' dir='ltr'>F.</span> <span class='ocrx_word' id='word_1_232' title='bbox 978 1512 1000 1533; x_wconf 76' lang='lat' dir='ltr'>S.</span> 
     </span>
    </p>
   </div>
   <div class='ocr_carea' id='block_1_12' title="bbox 630 1478 1560 1508">
    <p class='ocr_par' dir='ltr' id='par_1_13' title="bbox 630 1478 1560 1508">
     <span class='ocr_line' id='line_1_36' title="bbox 630 1478 1560 1508; baseline -0.003 -7"><span class='ocrx_word' id='word_1_233' title='bbox 630 1480 709 1502; x_wconf 64' lang='lat' dir='ltr'>Codex</span> <span class='ocrx_word' id='word_1_234' title='bbox 720 1480 740 1501; x_wconf 80' lang='lat' dir='ltr'>B</span> <span class='ocrx_word' id='word_1_235' title='bbox 753 1479 878 1508; x_wconf 73' lang='lat' dir='ltr'>acephalus</span> <span class='ocrx_word' id='word_1_236' title='bbox 890 1482 929 1506; x_wconf 67' lang='lat' dir='ltr'>est,</span> <span class='ocrx_word' id='word_1_237' title='bbox 947 1479 1057 1508; x_wconf 72' lang='lat' dir='ltr'>hodieque</span> <span class='ocrx_word' id='word_1_238' title='bbox 1069 1479 1102 1500; x_wconf 79' lang='lat' dir='ltr'>ad</span> <span class='ocrx_word' id='word_1_239' title='bbox 1113 1486 1149 1500; x_wconf 85' lang='lat' dir='ltr'>-ro</span> <span class='ocrx_word' id='word_1_240' title='bbox 1162 1482 1252 1506; x_wconf 81' lang='lat' dir='ltr'>pectore</span> <span class='ocrx_word' id='word_1_241' title='bbox 1264 1478 1334 1499; x_wconf 78' lang='lat' dir='ltr'>verbo</span> <span class='ocrx_word' id='word_1_242' title='bbox 1346 1478 1369 1499; x_wconf 81' lang='lat' dir='ltr'>in</span> <span class='ocrx_word' id='word_1_243' title='bbox 1383 1485 1433 1506; x_wconf 79' lang='lat' dir='ltr'>cap.</span> <span class='ocrx_word' id='word_1_244' title='bbox 1446 1484 1458 1506; x_wconf 84' lang='lat'>3</span> <span class='ocrx_word' id='word_1_245' title='bbox 1471 1478 1560 1506; x_wconf 81' lang='lat' dir='ltr'>incipit.</span> 
     </span>
    </p>
   </div>
   <div class='ocr_carea' id='block_1_13' title="bbox 1053 1510 1559 1539">
    <p class='ocr_par' dir='ltr' id='par_1_14' title="bbox 1053 1510 1559 1539">
     <span class='ocr_line' id='line_1_37' title="bbox 1053 1510 1559 1539; baseline -0.004 -6"><span class='ocrx_word' id='word_1_246' title='bbox 1053 1513 1062 1526; x_wconf 89' lang='lat'><strong>⁵</strong></span> <span class='ocrx_word' id='word_1_247' title='bbox 1073 1511 1188 1539; x_wconf 77' lang='lat' dir='ltr'>conpertis</span> <span class='ocrx_word' id='word_1_248' title='bbox 1200 1513 1228 1532; x_wconf 79' lang='lat' dir='ltr'>A.</span> <span class='ocrx_word' id='word_1_249' title='bbox 1281 1512 1290 1526; x_wconf 67' lang='grc' dir='ltr'>ὓ</span> <span class='ocrx_word' id='word_1_250' title='bbox 1303 1510 1370 1538; x_wconf 73' lang='lat' dir='ltr'>linga‘</span> <span class='ocrx_word' id='word_1_251' title='bbox 1384 1510 1411 1531; x_wconf 84' lang='lat' dir='ltr'>A.</span> <span class='ocrx_word' id='word_1_252' title='bbox 1441 1510 1518 1538; x_wconf 82' lang='lat' dir='ltr'>lingue</span> <span class='ocrx_word' id='word_1_253' title='bbox 1532 1510 1559 1531; x_wconf 72' lang='grc' dir='ltr'>Ι),</span> 
     </span>
    </p>
   </div>
   <div class='ocr_carea' id='block_1_14' title="bbox 883 1611 1561 2233">
    <p class='ocr_par' dir='ltr' id='par_1_15' title="bbox 883 1611 1561 2233">
     <span class='ocr_line' id='line_1_38' title="bbox 886 1611 1557 1640; baseline -0.001 -4"><span class='ocrx_word' id='word_1_254' title='bbox 886 1617 971 1637; x_wconf 85' lang='lat' dir='ltr'>torum</span> <span class='ocrx_word' id='word_1_255' title='bbox 992 1612 1167 1640; x_wconf 61' lang='lat' dir='ltr'>est.·⁴-Bede,</span> <span class='ocrx_word' id='word_1_256' title='bbox 1199 1612 1231 1636; x_wconf 85' lang='grc' dir='ltr'>Η.</span> <span class='ocrx_word' id='word_1_257' title='bbox 1250 1612 1279 1636; x_wconf 86' lang='grc' dir='ltr'>Ε.</span> <span class='ocrx_word' id='word_1_258' title='bbox 1299 1612 1314 1635; x_wconf 88' lang='lat' dir='ltr'>i.</span> <span class='ocrx_word' id='word_1_259' title='bbox 1333 1620 1352 1635; x_wconf 88' lang='lat'>1.</span> <span class='ocrx_word' id='word_1_260' title='bbox 1401 1612 1448 1635; x_wconf 88' lang='lat' dir='ltr'>See</span> <span class='ocrx_word' id='word_1_261' title='bbox 1468 1611 1557 1636; x_wconf 64' lang='lat' dir='ltr'>Index.</span> 
     </span>
     <span class='ocr_line' id='line_1_39' title="bbox 888 1653 1558 1687; baseline 0 -9"><span class='ocrx_word' id='word_1_262' title='bbox 888 1656 913 1679; x_wconf 90' lang='lat' dir='ltr'>S.</span> <span class='ocrx_word' id='word_1_263' title='bbox 938 1656 1058 1687; x_wconf 83' lang='lat' dir='ltr'>Gregory</span> <span class='ocrx_word' id='word_1_264' title='bbox 1077 1654 1272 1678; x_wconf 83' lang='lat' dir='ltr'>characterized</span> <span class='ocrx_word' id='word_1_265' title='bbox 1293 1661 1309 1677; x_wconf 86' lang='lat' dir='ltr'>a</span> <span class='ocrx_word' id='word_1_266' title='bbox 1333 1656 1444 1685; x_wconf 83' lang='lat' dir='ltr'>cognate</span> <span class='ocrx_word' id='word_1_267' title='bbox 1464 1653 1558 1678; x_wconf 76' lang='lat' dir='ltr'>dialect</span> 
     </span>
     <span class='ocr_line' id='line_1_40' title="bbox 887 1696 1558 1729; baseline -0.001 -7"><span class='ocrx_word' id='word_1_268' title='bbox 887 1706 915 1722; x_wconf 86' lang='lat' dir='ltr'>as</span> <span class='ocrx_word' id='word_1_269' title='bbox 937 1701 952 1711; x_wconf 74' lang='lat'>‘⁴</span> <span class='ocrx_word' id='word_1_270' title='bbox 963 1698 1064 1729; x_wconf 83' lang='lat' dir='ltr'>Lingua</span> <span class='ocrx_word' id='word_1_271' title='bbox 1081 1697 1224 1721; x_wconf 84' lang='lat' dir='ltr'>Britanniae</span> <span class='ocrx_word' id='word_1_272' title='bbox 1245 1705 1301 1728; x_wconf 84' lang='lat' dir='ltr'>quae</span> <span class='ocrx_word' id='word_1_273' title='bbox 1319 1696 1380 1720; x_wconf 87' lang='lat' dir='ltr'>nihil</span> <span class='ocrx_word' id='word_1_274' title='bbox 1401 1696 1471 1720; x_wconf 88' lang='lat' dir='ltr'>aliud</span> <span class='ocrx_word' id='word_1_275' title='bbox 1483 1704 1558 1721; x_wconf 89' lang='lat' dir='ltr'>nove-</span> 
     </span>
     <span class='ocr_line' id='line_1_41' title="bbox 887 1738 1558 1770; baseline -0.001 -7"><span class='ocrx_word' id='word_1_276' title='bbox 887 1743 928 1763; x_wconf 85' lang='lat' dir='ltr'>rat</span> <span class='ocrx_word' id='word_1_277' title='bbox 946 1747 1022 1770; x_wconf 87' lang='lat' dir='ltr'>quam</span> <span class='ocrx_word' id='word_1_278' title='bbox 1035 1739 1175 1763; x_wconf 86' lang='lat' dir='ltr'>barbarum</span> <span class='ocrx_word' id='word_1_279' title='bbox 1188 1738 1447 1770; x_wconf 50' lang='lat' dir='ltr'>frendere-&#39;‘*(Opp.</span> <span class='ocrx_word' id='word_1_280' title='bbox 1461 1739 1476 1762; x_wconf 91' lang='lat' dir='ltr'>i.</span> <span class='ocrx_word' id='word_1_281' title='bbox 1491 1739 1558 1769; x_wconf 88' lang='lat'><strong>862.)</strong></span> 
     </span>
     <span class='ocr_line' id='line_1_42' title="bbox 887 1781 1558 1813; baseline -0.001 -8"><span class='ocrx_word' id='word_1_282' title='bbox 887 1782 958 1805; x_wconf 80' lang='lat' dir='ltr'>Even</span> <span class='ocrx_word' id='word_1_283' title='bbox 979 1790 994 1805; x_wconf 85' lang='lat' dir='ltr'>a</span> <span class='ocrx_word' id='word_1_284' title='bbox 1016 1782 1101 1805; x_wconf 86' lang='lat' dir='ltr'>Saxon</span> <span class='ocrx_word' id='word_1_285' title='bbox 1122 1781 1194 1813; x_wconf 84' lang='lat' dir='ltr'>king,</span> <span class='ocrx_word' id='word_1_286' title='bbox 1219 1781 1285 1812; x_wconf 70' lang='lat' dir='ltr'>“qui</span> <span class='ocrx_word' id='word_1_287' title='bbox 1307 1781 1436 1804; x_wconf 82' lang='lat' dir='ltr'>Saxonum</span> <span class='ocrx_word' id='word_1_288' title='bbox 1457 1784 1558 1805; x_wconf 85' lang='lat' dir='ltr'>tantum</span> 
     </span>
     <span class='ocr_line' id='line_1_43' title="bbox 885 1822 1559 1855; baseline 0 -8"><span class='ocrx_word' id='word_1_289' title='bbox 885 1824 999 1855; x_wconf 88' lang='lat' dir='ltr'>linguam</span> <span class='ocrx_word' id='word_1_290' title='bbox 1017 1824 1138 1847; x_wconf 81' lang='lat' dir='ltr'>noverat.’&#39;</span> <span class='ocrx_word' id='word_1_291' title='bbox 1157 1822 1313 1854; x_wconf 84' lang='lat' dir='ltr'>superseded</span> <span class='ocrx_word' id='word_1_292' title='bbox 1331 1822 1370 1846; x_wconf 82' lang='lat' dir='ltr'>his</span> <span class='ocrx_word' id='word_1_293' title='bbox 1387 1822 1559 1854; x_wconf 86' lang='lat' dir='ltr'>lrish-taught</span> 
     </span>
     <span class='ocr_line' id='line_1_44' title="bbox 885 1863 1560 1897; baseline 0 -8"><span class='ocrx_word' id='word_1_294' title='bbox 885 1866 976 1897; x_wconf 83' lang='lat' dir='ltr'>bishop</span> <span class='ocrx_word' id='word_1_295' title='bbox 990 1865 1135 1896; x_wconf 79' lang='lat' dir='ltr'>Agilberct,</span> <span class='ocrx_word' id='word_1_296' title='bbox 1156 1869 1295 1896; x_wconf 81' lang='lat' dir='ltr'>⁴·pertoesus</span> <span class='ocrx_word' id='word_1_297' title='bbox 1312 1864 1423 1888; x_wconf 74' lang='lat' dir='ltr'>barbam</span> <span class='ocrx_word' id='word_1_298' title='bbox 1435 1863 1560 1896; x_wconf 73' lang='lat' dir='ltr'>loquelae.”</span> 
     </span>
     <span class='ocr_line' id='line_1_45' title="bbox 885 1907 1561 1939; baseline -0.001 -8"><span class='ocrx_word' id='word_1_299' title='bbox 885 1908 1007 1939; x_wconf 79' lang='lat' dir='ltr'>—(Bede,</span> <span class='ocrx_word' id='word_1_300' title='bbox 1022 1907 1053 1931; x_wconf 90' lang='lat' dir='ltr'>H.</span> <span class='ocrx_word' id='word_1_301' title='bbox 1068 1907 1097 1931; x_wconf 79' lang='lat' dir='ltr'>E.</span> <span class='ocrx_word' id='word_1_302' title='bbox 1111 1907 1146 1931; x_wconf 95' lang='lat' dir='ltr'>iii.</span> <span class='ocrx_word' id='word_1_303' title='bbox 1161 1907 1196 1937; x_wconf 90' lang='lat'>7.)</span> <span class='ocrx_word' id='word_1_304' title='bbox 1231 1907 1256 1931; x_wconf 88' lang='lat' dir='ltr'>It</span> <span class='ocrx_word' id='word_1_305' title='bbox 1275 1914 1327 1930; x_wconf 90' lang='lat' dir='ltr'>was</span> <span class='ocrx_word' id='word_1_306' title='bbox 1348 1907 1390 1930; x_wconf 91' lang='lat' dir='ltr'>the</span> <span class='ocrx_word' id='word_1_307' title='bbox 1410 1907 1514 1930; x_wconf 87' lang='lat' dir='ltr'>wonder</span> <span class='ocrx_word' id='word_1_308' title='bbox 1532 1909 1561 1931; x_wconf 78' lang='lat' dir='ltr'>os</span> 
     </span>
     <span class='ocr_line' id='line_1_46' title="bbox 886 1948 1557 1974; baseline 0 -1"><span class='ocrx_word' id='word_1_309' title='bbox 886 1950 1040 1973; x_wconf 80' lang='lat' dir='ltr'>Anastasius</span> <span class='ocrx_word' id='word_1_310' title='bbox 1053 1949 1109 1972; x_wconf 88' lang='lat' dir='ltr'>how</span> <span class='ocrx_word' id='word_1_311' title='bbox 1120 1949 1250 1973; x_wconf 70' lang='lat' dir='ltr'>,Iohannes</span> <span class='ocrx_word' id='word_1_312' title='bbox 1265 1949 1356 1973; x_wconf 90' lang='lat' dir='ltr'>Scotus</span> <span class='ocrx_word' id='word_1_313' title='bbox 1371 1952 1385 1962; x_wconf 67' lang='lat'>*⁴</span> <span class='ocrx_word' id='word_1_314' title='bbox 1394 1949 1433 1972; x_wconf 83' lang='lat' dir='ltr'>vir</span> <span class='ocrx_word' id='word_1_315' title='bbox 1445 1948 1487 1973; x_wconf 85' lang='lat' dir='ltr'>ille</span> <span class='ocrx_word' id='word_1_316' title='bbox 1500 1949 1557 1974; x_wconf 86' lang='lat' dir='ltr'>bar-</span> 
     </span>
     <span class='ocr_line' id='line_1_47' title="bbox 884 1991 1558 2023; baseline 0.001 -8"><span class='ocrx_word' id='word_1_317' title='bbox 884 1992 962 2016; x_wconf 89' lang='lat' dir='ltr'>barus</span> <span class='ocrx_word' id='word_1_318' title='bbox 986 1992 1011 2015; x_wconf 89' lang='lat' dir='ltr'>in</span> <span class='ocrx_word' id='word_1_319' title='bbox 1031 1991 1121 2015; x_wconf 82' lang='lat' dir='ltr'>finibus</span> <span class='ocrx_word' id='word_1_320' title='bbox 1140 1991 1227 2015; x_wconf 87' lang='lat' dir='ltr'>mundi</span> <span class='ocrx_word' id='word_1_321' title='bbox 1246 1992 1359 2023; x_wconf 81' lang='lat' dir='ltr'>positus”</span> <span class='ocrx_word' id='word_1_322' title='bbox 1380 1999 1431 2015; x_wconf 80' lang='lat' dir='ltr'>was</span> <span class='ocrx_word' id='word_1_323' title='bbox 1455 1992 1512 2016; x_wconf 90' lang='lat' dir='ltr'>able</span> <span class='ocrx_word' id='word_1_324' title='bbox 1531 1996 1558 2016; x_wconf 84' lang='lat' dir='ltr'>to</span> 
     </span>
     <span class='ocr_line' id='line_1_48' title="bbox 883 2033 1557 2065; baseline 0 -8"><span class='ocrx_word' id='word_1_325' title='bbox 883 2033 1053 2065; x_wconf 83' lang='lat' dir='ltr'>comprehend</span> <span class='ocrx_word' id='word_1_326' title='bbox 1066 2033 1117 2057; x_wconf 85' lang='lat' dir='ltr'>and</span> <span class='ocrx_word' id='word_1_327' title='bbox 1129 2033 1256 2057; x_wconf 85' lang='lat' dir='ltr'>translate</span> <span class='ocrx_word' id='word_1_328' title='bbox 1269 2034 1311 2057; x_wconf 83' lang='lat' dir='ltr'>the</span> <span class='ocrx_word' id='word_1_329' title='bbox 1320 2033 1406 2057; x_wconf 86' lang='lat' dir='ltr'>Greek</span> <span class='ocrx_word' id='word_1_330' title='bbox 1418 2037 1557 2065; x_wconf 83' lang='lat' dir='ltr'>tongue.—</span> 
     </span>
     <span class='ocr_line' id='line_1_49' title="bbox 883 2075 1560 2107; baseline 0 -8"><span class='ocrx_word' id='word_1_331' title='bbox 883 2076 1002 2107; x_wconf 75' lang='lat' dir='ltr'>(Ussher,</span> <span class='ocrx_word' id='word_1_332' title='bbox 1018 2076 1078 2107; x_wconf 84' lang='lat' dir='ltr'>Syll.</span> <span class='ocrx_word' id='word_1_333' title='bbox 1093 2076 1141 2107; x_wconf 83' lang='lat' dir='ltr'>Ep.</span> <span class='ocrx_word' id='word_1_334' title='bbox 1155 2076 1238 2106; x_wconf 75' lang='lat' dir='ltr'>xxiv.)</span> <span class='ocrx_word' id='word_1_335' title='bbox 1274 2075 1330 2099; x_wconf 87' lang='lat' dir='ltr'>The</span> <span class='ocrx_word' id='word_1_336' title='bbox 1348 2076 1513 2107; x_wconf 88' lang='lat' dir='ltr'>incongruity</span> <span class='ocrx_word' id='word_1_337' title='bbox 1532 2076 1560 2100; x_wconf 84' lang='lat' dir='ltr'>of</span> 
     </span>
     <span class='ocr_line' id='line_1_50' title="bbox 884 2117 1556 2149; baseline 0 -8"><span class='ocrx_word' id='word_1_338' title='bbox 884 2118 950 2142; x_wconf 87' lang='lat' dir='ltr'>Irish</span> <span class='ocrx_word' id='word_1_339' title='bbox 969 2126 1062 2149; x_wconf 84' lang='lat' dir='ltr'>proper</span> <span class='ocrx_word' id='word_1_340' title='bbox 1081 2125 1169 2141; x_wconf 85' lang='lat' dir='ltr'>names</span> <span class='ocrx_word' id='word_1_341' title='bbox 1189 2117 1240 2141; x_wconf 87' lang='lat' dir='ltr'>and</span> <span class='ocrx_word' id='word_1_342' title='bbox 1258 2118 1302 2141; x_wconf 86' lang='lat' dir='ltr'>the</span> <span class='ocrx_word' id='word_1_343' title='bbox 1320 2117 1397 2141; x_wconf 84' lang='lat' dir='ltr'>Latin</span> <span class='ocrx_word' id='word_1_344' title='bbox 1416 2118 1556 2146; x_wconf 69' lang='lat' dir='ltr'>narrative,</span> 
     </span>
     <span class='ocr_line' id='line_1_51' title="bbox 884 2159 1556 2191; baseline 0 -8"><span class='ocrx_word' id='word_1_345' title='bbox 884 2160 965 2184; x_wconf 84' lang='lat' dir='ltr'>which</span> <span class='ocrx_word' id='word_1_346' title='bbox 978 2160 1022 2183; x_wconf 86' lang='lat' dir='ltr'>the</span> <span class='ocrx_word' id='word_1_347' title='bbox 1035 2160 1128 2183; x_wconf 86' lang='lat' dir='ltr'>author</span> <span class='ocrx_word' id='word_1_348' title='bbox 1142 2160 1202 2183; x_wconf 91' lang='lat' dir='ltr'>here</span> <span class='ocrx_word' id='word_1_349' title='bbox 1217 2159 1422 2191; x_wconf 77' lang='lat' dir='ltr'>acknowledges,</span> <span class='ocrx_word' id='word_1_350' title='bbox 1437 2160 1457 2183; x_wconf 89' lang='lat' dir='ltr'>is</span> <span class='ocrx_word' id='word_1_351' title='bbox 1471 2160 1556 2191; x_wconf 85' lang='lat' dir='ltr'>styled</span> 
     </span>
     <span class='ocr_line' id='line_1_52' title="bbox 884 2201 1556 2233; baseline 0.001 -9"><span class='ocrx_word' id='word_1_352' title='bbox 884 2210 899 2225; x_wconf 94' lang='lat' dir='ltr'>a</span> <span class='ocrx_word' id='word_1_353' title='bbox 913 2206 983 2226; x_wconf 85' lang='lat' dir='ltr'>want</span> <span class='ocrx_word' id='word_1_354' title='bbox 998 2202 1026 2226; x_wconf 84' lang='lat' dir='ltr'>of</span> <span class='ocrx_word' id='word_1_355' title='bbox 1037 2201 1144 2233; x_wconf 77' lang='lat' dir='ltr'>qualitas</span> <span class='ocrx_word' id='word_1_356' title='bbox 1163 2202 1196 2233; x_wconf 81' lang='lat' dir='ltr'>by</span> <span class='ocrx_word' id='word_1_357' title='bbox 1216 2209 1231 2226; x_wconf 86' lang='lat' dir='ltr'>a</span> <span class='ocrx_word' id='word_1_358' title='bbox 1250 2201 1339 2233; x_wconf 88' lang='lat' dir='ltr'>nearly</span> <span class='ocrx_word' id='word_1_359' title='bbox 1359 2205 1556 2233; x_wconf 75' lang='lat' dir='ltr'>contemporary</span> 
     </span>
    </p>
   </div>
   <div class='ocr_carea' id='block_1_15' title="bbox 833 2245 898 2275">
    <p class='ocr_par' dir='ltr' id='par_1_16' title="bbox 833 2245 898 2275">
     <span class='ocr_line' id='line_1_53' title="bbox 833 2245 898 2275; baseline 0 0"><span class='ocrx_word' id='word_1_360' title='bbox 833 2245 898 2275; x_wconf 72' lang='grc' dir='ltr'><strong><em>ΒΣ.)</em></strong></span> 
     </span>
    </p>
   </div>
  </div>
 </body>
</html>
