1914 2518
184 186 249 206 cn.
267 177 327 216 κα]
680 166 833 204 Auctore
849 166 1075 205 Adamnano.
1499 184 1516 207 2
1525 185 1541 208 2
1548 186 1567 220 5

181 277 218 298 eo
234 266 335 298 virtus
358 269 542 297 remaneret.
584 265 720 297 Sanctus
746 278 820 298 vero
842 266 1008 304 Columba,
1026 272 1099 309 post
1122 278 1186 299 non
1209 268 1365 309 prolixam
1385 270 1567 308 orationem,

181 319 342 362 egreditur
363 319 534 350 ecclesiam.
580 319 850 362 ¹⁸Virgn0umque
866 320 959 352 valde
977 321 1162 352 timoratum
1177 321 1217 352 ad
1233 333 1265 353 se
1281 321 1415 353 crastina
1436 323 1569 354 advocat

181 373 242 411 die,
260 373 372 414 hisque
389 372 535 404 brevibus
558 372 727 414 compellat
745 373 961 404 consolatoriis
986 373 1127 410 ¹⁹verbis,
1146 372 1245 411 Bene,
1268 373 1297 405 O
1314 374 1418 412 filiole,
1437 375 1570 416 ingemi-

181 436 269 462 nans,
286 425 344 456 hac
361 423 518 466 praeterita
532 429 626 455 nocte
637 424 670 454 in
681 430 854 466 conspectu
870 424 934 456 Dei
948 424 1106 466 placuisti,
1124 425 1230 456 oculos
1246 427 1286 457 ad
1302 431 1416 457 terram
1433 428 1569 469 deprim-

182 479 273 516 endo,
287 478 436 509 claritatis
449 478 560 509 timore
572 478 758 519 perterritus
771 479 837 520 ejus
850 491 857 515 ;
874 490 955 516 nam,
969 479 995 510 si
1010 491 1073 511 non
1089 479 1134 510 ita
1146 479 1281 517 fecisses,
1294 481 1348 512 illa
1359 481 1568 513 inaestimabili

181 532 411 563 obcaecarentur
425 531 474 562 tui
488 531 558 563 luce
575 531 670 563 ²⁰visa
685 532 778 564 oculi.
823 532 887 565 Sed
902 533 962 565 hoc
977 544 1041 564 non
1056 533 1257 576 negligenter
1272 535 1437 566 observare
1453 536 1569 567 ²¹debe-

181 584 239 621 bis,
255 588 292 615 ut
306 583 401 615 talem
416 583 496 615 hanc
512 584 591 615 lucis
607 584 891 617 manifestationem
907 585 1026 617 nemini
1041 597 1183 627 unquam
1199 586 1231 617 in
1248 598 1317 618 mea
1332 587 1474 618 denudes
1491 588 1567 619 vita.

183 636 261 668 Haec
276 637 383 677 itaque
398 637 604 678 praedicabilis
620 643 653 669 et
668 638 860 669 admirabilis
881 650 941 676 res,
965 644 1037 680 post
1053 639 1137 670 beati
1160 639 1219 670 viri
1242 640 1422 677 transitum,
1447 641 1567 677 multis,

180 689 288 721 eodem
304 689 501 731 ²²Virgnouo
516 696 674 727 narrante,
695 691 846 722 innotuit.
892 691 995 733 Cujus
1011 692 1131 723 scilicet
1146 692 1335 734 2³Vi1gnoui
1356 694 1469 725 sororis
1485 694 1568 725 filius

179 741 398 778 Commanusffi
423 741 615 774 honorabilis
636 744 812 785 presbyter,
837 743 915 774 mihi
942 744 1173 776 ²⁴Adamnanof
1195 745 1234 776 de
1256 745 1313 776 hac
1335 757 1429 787 supra
1448 746 1568 778 visione

178 799 349 826 ”caraxata
369 795 549 836 aliquando,
567 797 625 828 sub
641 797 873 835 testificatione,
891 804 1101 830 enarraverat.
1148 798 1215 839 Qui
1231 799 1326 830 etiam
1339 805 1513 830 enarratam
1529 800 1567 830 ab

178 851 257 879 ²⁶ore
269 847 366 889 ipsius
382 848 578 890 ²²Virgn0ui,
592 850 725 887 abbatis,
740 856 772 882 et
787 850 938 882 avunculi
954 850 1013 888 sui,
1028 851 1066 882 ab
1079 862 1116 882 eo
1126 851 1158 882 in
1171 857 1326 892 quantum
1340 852 1445 893 potuit
1458 852 1566 889 visam,

177 900 330 932 audierat.

393 1018 447 1044 ¹DE
466 1024 545 1044 ALIA
562 1024 673 1045 PROPE
692 1025 799 1046 SlMlLI
818 1025 931 1046 CELSAE
948 1026 1192 1047 CLARITUDINIS
1209 1026 1358 1047 VISIONE.

243 1095 336 1125 AL1A
360 1094 470 1126 itidem
495 1102 599 1133 nocte,
625 1096 755 1137 quidam
779 1096 819 1128 de
843 1096 1004 1135 fratribus,
1032 1096 1182 1139 ²Colgius
1207 1098 1344 1135 nomine,
1363 1098 1462 1130 ³filius
1479 1100 1568 1131 Aido

178 1147 381 1189 Draigniche,
399 1148 438 1180 de
455 1148 489 1179 N
491 1149 637 1190 epotibus
654 1149 822 1192 ⁴Fechreg,
837 1151 927 1191 cujus
942 1150 975 1181 in
988 1151 1089 1192 primo
1105 1151 1247 1183 ⁶fecimus
1263 1152 1479 1191 mentionem³,
1495 1165 1568 1185 casu

177 1200 219 1231 ad
229 1201 362 1242 januam
383 1201 531 1238 ecclesiae,
555 1202 623 1233 aliis
643 1203 885 1241 dormientibus,
901 1204 1041 1242 devenit,
1066 1204 1248 1246 ibidemque
1264 1205 1459 1247 aliquamdiu
1483 1212 1568 1238 stans

176 1254 296 1285 orabat.
342 1254 428 1285 Tum
440 1254 571 1296 proinde
587 1255 693 1286 subito
708 1260 809 1286 totam
825 1256 914 1287 vidct
930 1256 1092 1288 ecclesiam
1113 1258 1232 1289 coelesti
1248 1258 1318 1290 luce
1340 1259 1472 1300 repleri:
1497 1272 1567 1301 quae

176 1306 296 1338 scilicet
311 1307 492 1349 ⁵fulguralis
508 1308 564 1339 lux
579 1308 665 1340 dicto
681 1308 774 1340 citius
789 1310 828 1341 ab
844 1310 913 1351 ejus
934 1311 1063 1342 recessit
1079 1311 1189 1343 oculis.
1237 1312 1390 1344 Sanctum
1401 1324 1476 1345 vero
1493 1313 1568 1346 Col-

177 1360 305 1391 umbam
320 1359 397 1391 hora
417 1361 526 1392 eadem
541 1361 625 1392 intra
640 1362 803 1393 ecelesiam
824 1368 966 1394 orantem
986 1363 1163 1406 ignorabat.
1209 1364 1352 1406 Postque
1368 1366 1463 1397 talem
1483 1367 1569 1398 subi-

176 1417 242 1442 tam
263 1412 390 1444 luminis
413 1414 653 1456 apparitionem,
679 1416 771 1447 valde
794 1417 1030 1458 pertimescens,
1056 1418 1186 1449 domum
1208 1419 1389 1450 revertitur.
1436 1420 1569 1452 Postera

175 1465 226 1496 die
239 1465 384 1504 Sanctus,
403 1467 493 1498 illum
505 1468 672 1506 advocans,
687 1469 826 1511 asperius
839 1470 1033 1512 objurgavit,
1046 1471 1204 1512 inquiens,
1218 1471 1270 1503 De
1280 1478 1384 1504 cetero
1394 1484 1568 1514 praecavere

174 1518 280 1556 debes,
291 1519 344 1556 fili,
356 1532 406 1559 ne,
417 1521 507 1562 quasi
518 1521 707 1563 explorator,
722 1523 847 1554 coeleste
856 1523 974 1561 lumen,
987 1524 1073 1565 quod
1083 1525 1142 1556 tibi
1157 1537 1220 1556 non
1236 1531 1283 1556 est
1296 1526 1459 1563 donatum,
1472 1527 1568 1568 inspi-

174 1586 243 1607 cere
259 1575 391 1613 coneris‚
408 1575 483 1617 quia
498 1582 530 1608 te
546 1576 698 1619 effugiet3
722 1582 754 1609 et
770 1589 809 1609 ne
825 1577 919 1609 alicui
934 1578 966 1609 in
983 1579 1061 1610 meis
1078 1579 1191 1611 diebus
1207 1581 1293 1621 quod
1309 1581 1418 1613 vidisti
1433 1593 1566 1614 enarres.

224 1670 242 1684 ¹3
253 1669 378 1699 fergnaque
391 1670 420 1691 D.
494 1671 512 1685 ¹⁵³
524 1678 567 1693 om.
581 1670 607 1693 C.
681 1672 702 1687 ²²⁰
713 1679 757 1694 om.
770 1671 798 1694 D.
875 1673 894 1688 2¹1
908 1673 976 1694 debes
993 1673 1018 1695 C.
1034 1673 1061 1695 D.
1137 1675 1157 1689 2²
1170 1674 1285 1703 virguono
1298 1674 1326 1697 Β.
1362 1676 1442 1704 fergna
1455 1676 1483 1698 D.
1518 1678 1567 1700 viro

173 1708 249 1728 guono
268 1702 292 1723 F.
359 1703 379 1718 2³
390 1702 470 1730 forgna
489 1702 519 1724 D.
553 1703 598 1725 viri
617 1703 689 1732 guoui
707 1703 733 1725 F.
799 1704 819 1720 ’Μ
831 1704 860 1726 D.
879 1705 1009 1727 adomnano
1025 1705 1053 1727 A.
1066 1705 1093 1727 Β.
1106 1705 1131 1728 C.
1143 1705 1168 1727 F.
1178 1706 1202 1728 S.
1269 1708 1289 1723 ²5
1301 1711 1399 1730 craxata
1409 1708 1438 1730 A.
1467 1712 1568 1732 tractata

175 1733 241 1762 Colg.
255 1733 315 1755 Boll.
381 1736 401 1750 ²¹⁶
413 1736 436 1756 iu
450 1742 522 1763 mat-9.
536 1735 564 1757 Β.
629 1736 648 1751 ²7
661 1736 742 1764 fergna
755 1736 784 1758 D.
819 1736 863 1758 viri
875 1737 946 1765 gnoui
959 1737 983 1758 F.

223 1777 230 1791 1
243 1775 302 1797 titul.
321 1783 364 1797 om.
386 1776 412 1799 C.
427 1776 455 1798 D.
471 1776 496 1798 F.
511 1776 534 1799 S.
556 1777 616 1799 Bon.
693 1780 702 1794 ἲ
715 1777 797 1807 colgus
818 1778 844 1801 C.
881 1778 948 1807 colgu
969 1779 997 1800 D.
1074 1779 1104 1795 3'4
1116 1787 1158 1801 om.
1175 1779 1201 1803 C.
1216 1779 1244 1801 D.
1256 1780 1280 1802 F.
1295 1780 1318 1802 S.
1394 1783 1402 1797 4
1418 1782 1522 1806 sechrech
1538 1785 1564 1806 ΒΔ

172 1809 181 1823 ⁵
194 1807 251 1830 libro
263 1808 319 1830 add.
333 1808 360 1830 B.
427 1809 437 1822 υ
449 1809 549 1838 fulgoris
562 1809 590 1831 D.

202 1894 211 1904 ²
226 1888 512 1920 commanus.—Colgan
524 1890 652 1914 identifies
664 1890 716 1913 him
727 1890 788 1914 with
800 1891 843 1915 the
895 1891 956 1915 with
965 1891 1008 1915 the
1017 1895 1083 1915 term
1093 1899 1201 1923 eprcop
1209 1893 1234 1916 in
1242 1893 1285 1917 the
1291 1894 1429 1922 Calendar‚
1439 1895 1490 1920 and
1499 1897 1566 1921 Four

170 1930 322 1962 following:
354 1932 484 1956 Commun
513 1940 621 1963 eprcop
641 1940 703 1957 mue
724 1934 841 1963 ennom.
895 1933 973 1957 Mast.
984 1934 1037 1963 676.
1075 1934 1139 1957 This
1153 1934 1276 1959 Comman
1294 1944 1346 1960 was
1362 1937 1469 1962 brother
1487 1939 1516 1963 of
1527 1940 1564 1964 St,

170 1971 213 1997 Οο
236 1974 318 1998 cenet
341 1974 461 1998 ceonust
487 1973 596 2005 &nibem
622 1982 675 1999 mic
700 1975 777 2000 Nem
798 1979 842 2003 00,
895 1976 1011 1999 Cuimine
1020 1976 1108 2004 Fionn,
1124 1977 1168 2000 the
1184 1978 1292 2002 seventh
1307 1979 1386 2003 abbot
1396 1980 1424 2003 of
1433 1980 1483 2012 Hy.
1519 1982 1566 2006 See

172 2016 318 2045 ‘Corinnam
337 2016 435 2047 bishop‚
457 2024 502 2039 son
523 2017 551 2040 of
567 2017 669 2040 Ernanae
693 2017 725 2040 he
745 2025 798 2041 was
819 2018 848 2041 of
897 2018 1006 2045 Ussher,
1021 2018 1088 2042 Brit.
1102 2019 1146 2042 Ec.
1160 2019 1223 2043 Ant.
1236 2028 1256 2044 c.
1273 2028 1299 2050 17
1313 2021 1398 2052 (Wks.
1412 2022 1444 2045 vi.
1457 2031 1481 2054 p.
1496 2026 1565 2055 540).

170 2057 213 2080 the
231 2065 292 2081 tace
310 2057 339 2080 of
352 2057 433 2081 Conal
446 2057 556 2087 Gulban,
571 2065 617 2081 sou
635 2058 663 2081 of
678 2058 757 2082 Niall’
777 2058 844 2090 (Cal.
928 2060 1258 2086 sMiluiAdamnauo.-See
1270 2062 1284 2086 i.
1298 2071 1307 2086 1
1319 2063 1355 2094 (p.
1368 2064 1418 2095 16),
1427 2072 1458 2095 49
1467 2065 1504 2097 (p.
1514 2067 1564 2098 95),

170 2100 268 2131 Doneg.
282 2099 350 2123 Mar.
364 2101 421 2130 18);
441 2100 491 2123 and
505 2104 604 2124 asserts
620 2101 679 2125 that
689 2101 846 2125 Adamnan's
894 2110 978 2134 supra,
996 2111 1054 2134 cap.
1069 2111 1106 2134 23,
1118 2104 1194 2135 infra.

169 2141 267 2172 epithet
277 2141 428 2166 honorabilis
437 2142 566 2174 presbyter
575 2143 596 2167 is
609 2146 654 2167 not
663 2143 845 2176 incompatible
928 2151 937 2160 ‘¹
950 2145 1192 2170 AIentionem.—See
1204 2146 1219 2169 i.
1237 2154 1261 2176 17
1276 2147 1330 2179 (pp.
1343 2156 1382 2178 45,
1394 2149 1438 2180 46)
1450 2157 1531 2182 supra.

832 2185 898 2218 2G
