1914 2518
339 217 349 238 1
361 206 405 251 56
826 203 903 240 Vita
922 204 1043 241 Sancti
1065 203 1235 242 Columbae
1600 215 1673 254 [mn.
1690 224 1718 244 11.

335 302 478 344 posuisti,
494 302 552 334 hac
568 302 636 334 vice
652 307 689 333 ut
704 302 824 333 aestimo
840 314 903 334 non
919 308 951 334 te
967 303 1007 334 ad
1022 302 1227 334 ‘Hiberniam
1243 302 1457 334 comitabitur.
1496 302 1573 340 Cur,
1588 303 1642 342 ait,
1656 316 1720 336 non

335 365 458 385 mecum
474 354 506 385 in
528 354 602 385 navi
622 354 769 385 comitem
793 365 865 385 eum
889 354 1004 385 habere
1026 354 1162 395 potero?
1211 353 1356 390 Sanctus,
1378 354 1504 392 Altera,
1529 354 1644 396 inquit,
1669 355 1720 386 (lie

335 408 421 448 quod
437 419 485 438 res
506 407 652 449 probabit
674 407 761 438 scies.
808 406 923 447 Itaque
940 405 1106 447 Luguidus
1122 416 1213 436 mane
1229 410 1354 446 postera
1369 405 1420 437 (lie
1440 406 1479 437 ad
1495 406 1719 438 retrahendum

334 461 374 491 de
390 460 467 491 mari
484 465 586 491 utrem
603 459 708 501 pergit
718 471 726 496 3
751 470 846 500 quem
862 464 968 490 tamen
988 458 1100 489 salacia
1121 462 1219 488 noctu
1237 458 1394 489 subtraxit
1410 459 1517 489 undae.
1562 459 1636 499 Quo
1655 470 1719 490 non

334 521 469 555 reperto,
483 513 523 543 ad
536 512 688 544 Sanctum
698 522 841 543 reversus
852 511 960 546 tristis,
977 509 1066 541 flexis
1083 509 1130 540 ⁵in
1146 514 1277 540 ⁶terram
1293 510 1437 552 genibuS,
1456 522 1545 542 suam
1560 511 1720 544 confessus

335 571 383 596 est
404 564 642 606 negligentiam.
688 563 750 595 Cui
774 562 919 599 Sanetus,
943 561 1034 592 illum
1049 561 1238 598 consolatus,
1264 561 1317 598 ait,
1337 561 1415 592 Noli
1430 561 1526 593 frater
1548 573 1605 604 pro
1625 563 1721 605 fragi-

334 617 417 649 libus
433 616 612 648 contristari
628 616 721 647 rebus
734 626 741 645 :
758 621 830 646 uter
839 626 934 656 quem
951 613 1063 645 salacia
1079 613 1209 644 sustulit
1223 614 1335 651 “unda,
1353 614 1393 645 ad
1409 625 1500 645 suum
1516 615 1631 653 locum,
1649 621 1722 657 post

334 680 425 705 tuum
441 684 612 715 egressum,
625 671 800 713 reportabit
815 670 965 702 flvenilias.
1011 669 1134 700 Eadem
1150 668 1201 700 die
1215 672 1288 710 post
1301 667 1440 709 Lugajdi
1455 668 1494 699 de
1511 667 1606 699 ⁹Ioua
1617 668 1720 700 insula

334 726 582 768 emigrationem,
604 724 681 755 hora
697 728 855 754 transacta
870 733 962 759 nona,
988 721 1125 753 Sanctus
1140 719 1417 752 circumstantibus
1434 720 1477 751 sic
1492 720 1645 761 profatus,
1662 721 1716 758 ait,

335 779 432 810 Nunc
448 790 486 810 ex
502 778 590 809 vobis
607 789 689 808 unus
711 776 751 807 ad
775 787 882 817 aequor
904 780 1016 817 pergat
1030 786 1037 811 ;
1062 780 1176 811 utrem,
1198 774 1237 805 de
1253 784 1316 814 quo
1332 772 1499 815 Lugaidus
1516 774 1717 814 querebatur,

334 837 366 862 et
382 841 477 872 quem
496 829 609 860 salacia
632 827 830 859 l“sustulerat
850 828 945 863 unda,
970 838 1055 858 nunc
1078 826 1194 858 venilia
1216 825 1388 863 retrahens,
1413 825 1446 856 in
1461 825 1530 856 loco
1545 826 1630 857 unde
1645 827 1720 858 sub-

334 888 454 914 tractus
469 887 517 913 est
534 879 810 922 ¹¹repraesentavit.
857 879 931 919 Quo
956 878 1064 910 Sancti
1085 878 1194 909 audito
1210 878 1318 914 verbo,
1336 877 1465 918 quidam
1478 877 1579 909 alacer
1590 878 1719 918 juvenis

334 935 373 965 ad
389 945 474 965 oram
490 932 631 964 cucurrit
646 931 752 968 maris,
776 935 1001 972 repertumque
1017 935 1131 965 utrem,
1153 929 1235 961 sicut
1249 929 1437 970 praedixerat
1456 929 1601 967 Sanctus,
1625 941 1719 962 cursu

333 998 477 1018 reversus
498 985 622 1017 concito
638 990 812 1026 reportans,
838 983 930 1015 valde
953 983 1092 1025 gavisus,
1118 994 1222 1014 coram
1248 982 1375 1020 Sancto,
1404 993 1476 1013 cum
1500 983 1640 1014 omnium
1663 983 1719 1025 qui

332 1039 449 1071 ibidem
475 1038 624 1070 12inerant
646 1036 863 1073 admiratione,
887 1035 1069 1077 assignavit.
1116 1035 1157 1066 In
1172 1035 1232 1072 his,
1257 1040 1294 1066 ut
1315 1046 1396 1076 saepe
1411 1036 1532 1067 dictum
1553 1042 1612 1074 est,
1636 1037 1718 1068 binis

333 1091 563 1122 narrationibus
579 1090 722 1131 superius
737 1088 914 1130 descriptis,
936 1087 1111 1129 quamlibet
1131 1087 1163 1118 in
1183 1088 1287 1129 parvis
1303 1089 1407 1125 rebus,
1430 1089 1507 1120 sude
1523 1089 1670 1121 videlicet
1686 1096 1720 1121 et

334 1149 414 1181 utre,
433 1143 626 1185 1³prophetia
641 1142 734 1174 simul
750 1148 782 1174 et
798 1141 926 1173 virtutis
942 1141 1128 1173 miraculum
1144 1141 1286 1172 comitari
1302 1146 1487 1173 cernuntur.
1534 1145 1553 1161 ¹⁴
1565 1142 1662 1175 Nunc
1677 1143 1718 1174 ad

332 1197 392 1229 alia
408 1202 428 1217 ¹⁵
435 1198 611 1229 tendamus.
1740 1231 1766 1244 l
1776 1223 1779 1226 ,

528 1313 586 1340 ¹DE
606 1318 758 1339 LIBRANO
775 1311 1025 1338 ²ARUND1NET1²³
1042 1315 1285 1337 PROPHETATIO
1303 1315 1422 1336 SANCTI
1439 1316 1521 1337 vnn.

398 1383 492 1414 Amo
514 1383 547 1413 in
569 1388 722 1424 tempore,
747 1392 819 1413 cum
842 1381 891 1413 vir
914 1385 1040 1412 sanctus
1055 1380 1088 1410 in
1104 1379 1202 1411 ³Ioua
1224 1385 1464 1411 conversaretur
1486 1379 1598 1417 insula,
1623 1379 1717 1412 homo

331 1435 458 1476 quidam
482 1435 624 1477 plebeius
649 1446 751 1477 nuper
774 1440 901 1476 sumpto
917 1433 1083 1465 clericatus
1104 1432 1241 1469 habitub,
1268 1432 1308 1463 de
1334 1432 1441 1464 Scotia
1464 1433 1715 1475 transnavigans,

960 1518 970 1533 Β
983 1516 1075 1539 venalia
1087 1516 1113 1540 C.
1174 1515 1184 1531 9
1195 1515 1224 1538 A.
1234 1515 1259 1538 C.
1269 1515 1294 1538 F.
1306 1515 1330 1539 S.
1364 1516 1418 1538 iona
1429 1516 1457 1539 B.

1110 1549 1161 1564 11-15
1172 1556 1214 1571 om.
1228 1548 1256 1570 B.

1053 1590 1062 1605 2
1074 1588 1222 1611 harundineti
1233 1588 1263 1610 A.
1274 1587 1303 1610 Β.

377 1521 386 1535 ⁴
397 1519 513 1541 evei-niam
524 1519 553 1541 A.
611 1520 641 1535 Μ
652 1527 694 1541 orn.
708 1518 734 1540 B.
794 1520 803 1534 ⁷
815 1526 858 1540 om.
871 1517 898 1540 C.
1528 1518 1547 1532 ¹⁰
1558 1517 1678 1540 sustulerit
1691 1517 1716 1540 F.

332 1552 345 1568 ¹¹
357 1551 529 1580 repraesentabit
541 1551 566 1573 F.
635 1552 654 1567 ¹2
666 1554 731 1573 erant
744 1550 769 1573 C.
837 1552 856 1566 1³
867 1550 1005 1578 propheticae
1017 1549 1043 1572 C.

380 1592 385 1607 ¹
400 1592 494 1622 capitul.
507 1595 578 1614 totum
590 1599 632 1614 om.
646 1592 671 1614 C.
681 1591 710 1613 D.
722 1591 746 1613 F.
758 1591 781 1613 S.
794 1590 854 1612 titul.
867 1598 910 1612 om.
924 1589 985 1612 Boll.
1371 1588 1380 1602 ³
1392 1588 1445 1610 iona
1457 1588 1484 1610 B.

359 1670 368 1680 ⁸
379 1664 480 1688 Salacia
489 1663 657 1687 unda.—The
664 1662 757 1686 salacia
767 1661 815 1686 and
824 1660 912 1685 venilia
921 1660 996 1684 undae

328 1706 424 1737 signify
436 1706 476 1729 the
493 1705 541 1728 ebb
556 1705 607 1728 and
621 1705 678 1728 flow
695 1704 723 1728 of
736 1704 779 1728 the
794 1704 854 1727 tide.
890 1704 927 1727 St.
942 1702 996 1726 Au-

327 1748 429 1779 gustine
441 1747 500 1770 thus
511 1747 625 1778 disposes
638 1746 666 1769 of
675 1746 742 1769 their
755 1744 937 1777 mythological
950 1745 1007 1767 1111->

328 1790 490 1820 personative
502 1789 673 1820 applicatiou:
688 1788 770 1812 “Jam
783 1788 870 1819 utique
882 1786 996 1810 habebat

328 1832 455 1856 Salaciam
469 1832 602 1862 Neptunus
621 1838 735 1857 uxorem,
754 1838 830 1862 quam
847 1829 995 1853 inferiorem

327 1881 420 1905 aquam
439 1874 518 1897 maris
541 1881 598 1896 esse
617 1873 746 1900 dixerunt,
770 1876 799 1896 ut
815 1872 874 1903 quid
894 1871 931 1894 illi
949 1871 994 1895 ad-

324 1917 416 1947 juncta
427 1919 467 1939 est
476 1919 501 1939 et
511 1916 617 1943 Venilia,
631 1915 680 1938 nisi
691 1919 720 1938 ut
733 1915 787 1938 sine
798 1914 851 1938 ulla
863 1922 941 1938 causa
952 1921 995 1937 ne-

327 1958 496 1981 cessariorum
524 1965 664 1985 sacrorum,
689 1956 744 1980 sola
771 1956 876 1980 libidine
904 1956 995 1980 animae

325 2000 480 2030 prostitutae,
501 1999 718 2030 multiplicaretur
736 1998 857 2021 invitatio
875 1997 994 2021 daemoni-

325 2043 415 2066 orum?
445 2042 495 2065 Sed
507 2042 654 2073 proferatur
666 2042 849 2073 interpretatio
861 2041 994 2073 praeclarae

324 2083 468 2114 theologiae,
484 2090 539 2113 quae
551 2090 596 2106 nos
609 2083 641 2106 ab
654 2083 706 2106 ista
723 2082 920 2114 reprehensione
936 2083 993 2106 red-

324 2124 379 2147 dita
397 2124 496 2146 ratione
514 2127 668 2154 compescat.
698 2123 799 2147 Venilia
814 2124 904 2155 inquit,
924 2125 993 2149 unda

325 2168 373 2192 est,
385 2172 441 2196 quae
453 2163 485 2188 ad
498 2163 571 2187 littus
585 2164 669 2188 venit:
690 2164 792 2188 Salacia
804 2172 860 2196 quae
873 2165 898 2188 in
911 2165 992 2189 salum

1046 1659 1122 1683 redit.
1157 1659 1210 1683 Cur
1226 1666 1289 1690 ergo
1306 1658 1360 1682 deae
1374 1658 1438 1682 fiunt
1455 1658 1519 1687 duae,
1544 1667 1600 1683 cum
1617 1660 1651 1684 sit
1666 1668 1717 1684 una

1044 1701 1122 1729 unda,
1137 1709 1194 1732 quae
1206 1701 1276 1724 venit
1288 1703 1315 1724 et
1326 1700 1394 1724 redit
1401 1701 1502 1725 ?'¹-De
1518 1702 1594 1726 Civit.
1605 1702 1661 1729 Dei,
1674 1703 1715 1726 vii.

1046 1752 1090 1772 223
1110 1743 1185 1767 conff.
1197 1743 1234 1767 Ih.
1250 1744 1283 1766 iv.
1300 1751 1336 1771 10,
1350 1751 1385 1766 11.
1422 1744 1486 1767 This
1499 1744 1546 1768 ebb
1559 1744 1610 1768 and
1622 1745 1679 1769 flow
1691 1745 1720 1769 of

1045 1787 1089 1810 the
1106 1786 1160 1810 tide
1177 1786 1199 1809 is
1217 1790 1244 1810 to
1261 1786 1292 1809 be
1310 1786 1501 1817 distinguished
1519 1787 1585 1810 from
1600 1788 1644 1811 the
1662 1787 1716 1812 ledo

1045 1828 1095 1852 and
1107 1828 1196 1852 malina
1209 1829 1291 1852 which
1304 1836 1348 1852 are
1360 1829 1424 1852 used
1437 1830 1470 1861 by
1483 1829 1553 1853 Bede
1565 1830 1615 1854 and
1628 1830 1715 1854 others

1044 1875 1071 1895 to
1082 1871 1173 1895 denote
1183 1872 1226 1896 the
1236 1872 1314 1895 lower
1327 1872 1377 1895 and
1389 1872 1481 1904 higher
1490 1873 1565 1897 tides.
1593 1874 1622 1897 In
1632 1882 1648 1898 3
1656 1874 1714 1899 MS.

1045 1914 1074 1938 of
1085 1914 1163 1942 Bede,
1178 1914 1222 1938 De
1234 1913 1335 1938 Natura
1349 1914 1449 1942 Rerum,
1470 1916 1619 1947 containing
1636 1916 1716 1940 inter-

1044 1956 1126 1979 linear
1145 1956 1211 1979 Irish
1230 1955 1338 1987 glosses‚
1358 1957 1498 1987 preserved
1518 1960 1546 1980 at
1564 1957 1712 1986 Carlsruhe‚

1043 1998 1087 2022 the
1099 1998 1184 2021 words
1201 1999 1225 2021 in
1238 1997 1331 2022 lidones
1344 2006 1389 2022 are
1406 1999 1550 2030 explained,
1566 2007 1591 2024 .1.
1605 2001 1632 2023 hl
1649 2007 1714 2025 con-

1046 2041 1182 2070 cpcichcu‚
1204 2040 1255 2064 and
1275 2040 1384 2069 malinas,
1405 2048 1431 2064 ,1.
1450 2042 1476 2064 hl
1494 2041 1645 2071 pobsspcm.
1681 2042 1715 2067 So

1044 2082 1099 2106 also
1111 2083 1136 2106 in
1148 2083 1186 2106 his
1199 2083 1279 2110 work,
1294 2082 1337 2107 De
1353 2083 1493 2115 Temporum
1503 2083 1619 2112 Ratione,
1630 2084 1714 2109 where

1044 2125 1209 2154 concnuchc
1228 2124 1250 2148 is
1268 2123 1323 2147 also
1335 2124 1380 2147 the
1391 2124 1461 2155 gloss
1479 2132 1510 2147 on
1523 2124 1640 2156 defectus,
1663 2125 1714 2150 aud

1042 2167 1164 2196 nobonci
1183 2174 1216 2190 011
1227 2167 1362 2198 profectus.
1399 2166 1455 2189 The
1473 2174 1542 2190 same
1557 2167 1713 2200 interesting
