1914 2518
690 181 724 215 A
731 186 842 217 uctore
858 180 892 215 A
899 180 1084 217 damnano.

188 199 250 218 CAP.
266 199 310 226 23,
327 190 388 229 24]
1509 197 1573 231 135

186 279 349 317 comitatu,
367 279 457 320 quasi
472 290 553 310 unus
564 278 603 310 de
612 278 729 315 amicis,
748 290 803 320 per
814 278 936 319 aliquot
948 290 1070 310 menses
1087 284 1334 310 conversaretur.
1381 279 1486 320 Quem
1502 292 1575 312 cum

186 331 242 362 tali
258 331 528 364 commendatione
543 332 582 362 de
598 330 698 362 sancti
713 342 809 362 manu
821 331 880 362 viri
896 331 1085 372 suscepisset
1094 331 1360 368 connnendatum,
1378 337 1450 373 post
1460 344 1575 374 paucos

1128 384 1224 424 Quod
1236 384 1372 415 immane
1387 385 1487 415 scelus
1503 396 1575 416 cum

189 438 305 470 Sancto
327 450 346 469 a
368 438 617 469 commeantibus
640 443 723 469 esset
744 438 942 476 nunciatum,
966 438 1011 470 sic
1034 438 1226 479 respondens
1250 438 1392 479 profatus
1415 445 1473 475 est,
1499 438 1575 469 Non

187 385 264 422 dies,
281 385 388 416 dolose
400 397 506 427 agens,
525 385 645 416 erudeli
658 396 730 416 eum
741 385 884 426 jussione
900 384 1080 416 trucidavit.

186 491 263 522 mibi
288 491 342 523 sed
363 491 434 522 Deo
456 491 509 522 ille
529 491 638 522 infelix
660 491 872 522 homunculus
895 491 1047 522 mentitus
1071 497 1130 528 est,
1155 491 1274 532 ¹²cujus
1296 502 1411 522 nomen
1434 492 1473 522 de
1495 491 1576 522 libro

186 544 260 575 vitae
276 544 444 576 delebitur.
490 544 570 576 Haec
587 545 682 575 verba
699 549 820 575 ¹⁸aesteo
836 556 920 576 nunc
936 545 1095 576 mediante
1111 544 1329 586 proloquimur
1344 550 1495 586 tempore,
1522 545 1576 575 sed

185 597 370 635 autumnali,
382 603 552 638 antequam
562 597 601 628 de
612 597 704 628 suilla
716 597 890 639 “degustet
899 609 1002 635 carne,
1022 599 1176 629 1⁵arboreo
1187 597 1328 639 saginata
1337 597 1453 635 fructu,
1472 597 1577 628 subita

185 656 366 692 praeventus
387 656 499 688 morte,
525 651 565 681 ad
589 650 779 681 ¹⁶infernalia
801 651 942 692 rapietm
964 651 1044 682 loca.
1090 650 1170 682 Haec
1194 650 1293 682 sancti
1317 651 1484 692 prophetia
1504 650 1574 687 viri,

185 714 258 735 oum
279 704 400 735 misello
421 703 609 734 ¹⁷nuntiaret
629 703 843 741 homuncioni,
869 704 1044 746 despiciens
1060 703 1157 735 irrisit
1176 703 1348 735 Sanctum:
1373 710 1405 734 et
1421 709 1493 745 post
1509 703 1576 734 dies

184 757 305 798 aliquot
320 757 550 788 autumnalium
563 756 728 793 mensium,
746 768 782 788 eo
793 757 938 798 jubente,
959 757 1100 789 ffiscrofad
1112 768 1230 788 nucum
1244 757 1441 799 impinguata
1456 757 1576 788 nucleis

179 810 357 852 jugulatur,
375 811 511 841 necdum
527 810 594 841 aliis
610 810 751 851 ejusdem
773 810 831 841 viri
839 810 996 852 jugulatis
1012 810 1139 846 suibus3
1164 810 1203 841 dc
1220 821 1282 851 qua
1298 810 1440 841 celeriter
1456 810 1577 841 exinte-

184 868 252 894 rata
267 868 389 904 partem
406 862 464 893 sibi
485 862 517 892 in
533 873 610 893 veru
628 861 759 893 celerius
777 863 898 893 ”assari
915 862 1094 904 ²⁰praecipit,
1112 868 1149 893 ut
1165 863 1205 894 de
1221 874 1257 894 ea
1272 863 1439 904 impatiens
1455 864 1576 895 ²¹homo

1116 915 1189 956 Qua
1210 916 1359 948 videlicet
1374 921 1484 953 assata,
1509 917 1577 948 dari

184 969 242 1000 sibi
266 968 411 1010 poposcit
434 969 572 1010 aliquam
594 974 614 988 ²²
623 969 878 1010 praegustandam
902 980 1024 999 morsus
1046 969 1253 1010 particulam;
1277 969 1428 1010 adquam
1444 969 1577 1011 percipi-

183 921 390 958 praegustans,
416 915 500 947 beati
518 915 575 946 viri
591 915 865 957 prophetationem
881 916 1068 947 destrueret.

183 1022 296 1053 endam
327 1028 489 1054 extensam
517 1034 645 1053 manum
669 1022 853 1064 priusquam
881 1023 920 1054 ad
944 1034 978 1054 os
1006 1028 1215 1059 converteret,
1245 1023 1401 1064 expirans,
1432 1030 1575 1055 mortuus

183 1080 267 1106 retro
282 1075 315 1106 in
330 1075 458 1106 dorsum
474 1075 598 1107 cecidit.
644 1075 689 1107 Et
705 1075 760 1117 qui
777 1076 932 1113 viderant,
958 1082 990 1107 et
1011 1076 1065 1117 qui
1081 1077 1256 1114 audierant,
1275 1077 1367 1108 valde
1388 1078 1574 1115 tremefacti,

184 1127 389 1166 admirantes,
407 1129 574 1161 Christum
591 1128 623 1160 in
639 1135 747 1161 sancto
764 1130 918 1171 propheta
933 1130 1175 1162 honorificantes
1190 1131 1417 1173 glorificarunt.

205 1275 262 1301 ¹DE
280 1280 360 1302 ALIO
376 1275 538 1305 ²QUODAM
556 1281 710 1302 NEFARIO
730 1282 880 1308 HOMINE,
899 1276 1158 1303 ³ECCLESIARUM
1174 1282 1433 1310 PERSECUTORE,
1453 1282 1557 1303 cUJk'S

506 1335 630 1356 NOMEN
649 1335 773 1356 LATINE
792 1336 908 1356 MANUS
927 1336 1089 1356 DEXTERA
1107 1336 1261 1357 DICITL'R.

250 1404 344 1435 AL10
357 1403 389 1435 in
402 1409 553 1446 tempore,
571 1404 619 1436 vir
628 1406 749 1442 beatus,
764 1416 835 1436 cum
847 1405 923 1437 alios
935 1406 1135 1437 ecclesiarum
1147 1411 1372 1448 persecutores,
1387 1407 1419 1437 in
1435 1411 1444 1426 ⁴
1453 1407 1577 1439 Hinbaa

184 1462 395 1488 commoratus
425 1456 537 1495 insula,
570 1457 842 1489 excommunicare
872 1458 1027 1500 coepisset,
1061 1459 1141 1490 filios
1172 1459 1319 1490 videlicet.
1350 1459 1490 1491 Conallis
1522 1461 1577 1491 filii

185 1510 509 1552 Domnaillb,quorum
520 1522 602 1542 unus
615 1516 682 1542 erat
698 1510 803 1549 ⁵Ioan,
822 1511 861 1542 de
871 1523 935 1553 quo
951 1523 1045 1553 supra
1060 1512 1253 1549 retulimus⁰3
1270 1512 1400 1553 quidam
1413 1524 1451 1544 ex
1465 1525 1576 1544 eorun-

234 1616 252 1630 ¹²
264 1615 314 1643 ejus
326 1614 351 1638 C.
428 1616 447 1631 1³
458 1615 538 1637 {estivo
550 1615 577 1637 B.
587 1615 613 1638 C.
625 1615 654 1637 D.
731 1616 749 1631 Ν
761 1619 839 1643 gustet
852 1615 877 1638 C.

183 1649 246 1669 retur
257 1646 282 1669 C.
293 1646 322 1668 D.
389 1648 409 1663 ¹8
421 1647 448 1669 A.
460 1647 486 1669 B.
498 1647 523 1670 C.
593 1649 611 1664 ¹9
623 1648 747 1676 praeparari
761 1647 819 1669 Bou.

234 1698 239 1713 ¹
251 1696 322 1726 capit.
334 1699 406 1719 totum
417 1705 462 1720 om.
476 1697 502 1720 C.
516 1697 544 1719 D.
558 1697 583 1719 F.
597 1697 620 1720 S.
633 1698 693 1719 titul.
705 1706 747 1720 om.
757 1698 816 1720 Bou.

956 1617 976 1632 ¹5
986 1616 1095 1638 arborum
1108 1617 1135 1639 B.
1211 1618 1230 1632 ¹⁶
1241 1617 1330 1639 inferna
1342 1616 1371 1639 D.

886 1649 907 1664 2⁰
918 1649 1025 1677 praecepit
1038 1648 1064 1671 C.
1131 1650 1149 1665 ²¹
1163 1656 1205 1671 om.
1219 1649 1245 1671 C.

893 1699 924 1715 Η
935 1707 978 1721 om.
993 1699 1020 1721 B.
1087 1701 1097 1716 ⁴¹
1108 1700 1188 1722 himba
1200 1700 1227 1722 B.

1451 1618 1467 1633 17
1481 1619 1576 1641 nuncia-

1312 1651 1331 1665 22'
1344 1651 1533 1678 praegustandum
1547 1652 1574 1673 Α.

1294 1702 1303 1717 ⁵
1315 1702 1343 1723 A.
1362 1701 1471 1725 iohannes
1484 1703 1510 1726 B.

183 1787 256 1812 three
278 1787 403 1819 parishes,
426 1787 555 1811 Kilarrow
577 1787 654 1819 [recle
677 1788 733 1812 Ciu
759 1789 855 1813 ΠἹαοῑ-

184 1829 280 1860 nubo]¹
306 1829 448 1857 Kildalton,
474 1829 525 1853 and
549 1829 711 1853 Kilchoman.
757 1831 804 1854 See
823 1831 853 1855 C.

185 1871 268 1900 lanes,
283 1871 357 1902 Orig.
372 1871 481 1894 Paroch.
495 1871 520 1894 ii.
534 1875 570 1902 pt.
584 1872 599 1894 i.
613 1879 654 1903 pp.
670 1871 788 1902 260-275.
830 1872 855 1896 It

939 1790 949 1805 ἃ
967 1789 1121 1821 Scrofa.-“
1134 1790 1197 1815 Visa
1214 1794 1254 1814 est
1267 1792 1378 1823 scropha
1395 1793 1530 1823 praeclam,
1551 1798 1577 1818 et

907 1832 1040 1856 duodecim
1064 1833 1161 1857 surices
1185 1842 1241 1857 cum
1259 1835 1400 1859 eam—vit.
1420 1836 1442 1859 S.
1459 1837 1573 1865 Kierani,

906 1882 927 1898 c.
946 1882 973 1904 13
987 1874 1074 1906 (Colg.
1089 1875 1148 1898 Act.
1159 1876 1203 1899 SS.
1217 1884 1242 1908 p.
1256 1883 1303 1907 459
1316 1876 1350 1907 b.)

183 1921 294 1945 appears
317 1913 384 1937 from
407 1913 451 1937 the
477 1913 571 1937 Scotch
593 1914 706 1938 Retours
729 1914 788 1938 that
811 1915 855 1938 the

183 1956 258 1980 lands
276 1956 304 1980 of
320 1955 511 1979 Nerrabolfada
530 1956 594 1988 [now
612 1956 750 1988 Nerabols]
768 1957 794 1980 in
812 1957 855 1980 the

184 2001 265 2024 Rinns
294 1999 322 2023 of
343 1999 419 2031 Islay‚
443 2000 565 2031 together
589 2000 650 2023 with
674 2000 759 2023 Woull
790 2001 855 2032 [now

184 2042 274 2074 Vaull]
292 2042 318 2065 in
338 2042 425 2069 Tiree,
445 2041 572 2073 belonged
591 2045 618 2065 to
638 2042 682 2065 the
705 2046 855 2074 monastery

183 2084 212 2108 of
221 2085 313 2116 Derry.
348 2084 458 2116 (Inquis.
477 2085 550 2116 Spec.
563 2084 618 2107 Vic.
632 2084 733 2116 Argyll.
751 2085 791 2108 No
813 2085 853 2113 67,

184 2127 222 2157 83,
231 2126 282 2157 93.)
301 2126 365 2150 This
378 2126 490 2157 supplies
503 2126 546 2150 the
556 2126 722 2150 informatiou
734 2127 854 2158 required

183 2168 209 2191 in
221 2168 264 2192 the
277 2168 351 2200 Orig.
365 2167 474 2192 Paroch.
489 2169 558 2193 Scot.
570 2168 594 2192 ii.
607 2172 646 2200 pt.
664 2177 684 2197 1,
698 2176 722 2200 p.
737 2169 792 2193 266.

939 1921 949 1932 ³
961 1916 1139 1941 Hiram-See
1151 1922 1211 1941 note
1223 1923 1240 1945 ¹¹,
1256 1918 1271 1941 i.
1286 1926 1311 1941 21
1327 1920 1363 1949 (p.
1378 1919 1430 1949 50),
1445 1924 1504 1944 note
1514 1922 1531 1947 ⁹¹,
1545 1929 1576 1951 45

906 1959 942 1989 (p.
952 1958 1001 1989 87),
1019 1966 1102 1990 supra,
1122 1959 1155 1982 iii.
1168 1966 1190 1989 5,
1204 1967 1238 1989 17,
1255 1960 1290 1987 18,
1304 1961 1378 1992 insta.
1415 1962 1469 1985 Can
1481 1962 1533 1986 this
1547 1963 1577 1987 be

907 2000 1053 2024 Elachnave
1063 2001 1135 2030 (note
1145 2001 1162 2029 b,
1175 2009 1198 2032 p.
1211 2003 1286 2031 127)?
1315 2002 1385 2026 'shut
1397 2003 1480 2027 island
1494 2005 1577 2029 would

906 2043 936 2066 be
951 2051 1020 2066 more
1035 2044 1122 2067 within
1139 2043 1182 2067 the
1195 2052 1276 2076 range
1292 2045 1320 2068 of
1330 2045 1373 2068 the
1393 2045 1478 2070 Genus
1493 2047 1577 2072 Gabli-

905 2086 961 2109 rani
973 2085 1035 2108 than
1049 2093 1095 2108 one
1108 2085 1209 2109 further
1222 2086 1306 2115 north,
1321 2094 1349 2110 as
1363 2087 1459 2112 Canna.

938 2128 949 2143 ὓ
960 2126 1183 2151 Domuum-See
1195 2136 1250 2159 cap.
1265 2137 1294 2151 22
1309 2129 1344 2160 (p.
1358 2130 1415 2160 132)
1427 2138 1510 2162 supra.

938 2168 1167 2194 cRetulimus.-1n
1179 2177 1235 2202 cap.
1249 2178 1278 2194 22
1292 2171 1325 2202 (p.
1338 2171 1395 2203 ¹32)
1409 2180 1492 2204 supra.
