1914 2518
305 209 371 231 122
809 195 873 232 fita
893 195 1013 233 Sancti
1034 195 1207 233 Columbae

548 242 551 251 .
1569 206 1639 244 [Lm.
1660 216 1690 234 11.

548 254 551 275 a

298 294 415 326 deserit
438 281 623 333 mensullam,
641 299 795 336 ¹⁵unoque
817 296 875 326 ¹⁶in
891 295 971 337 pede
985 295 1159 327 inhaerente
1175 295 1289 332 calceo,
1315 300 1347 326 et
1367 294 1465 326 altero
1491 298 1509 314 ¹⁷
1516 305 1572 336 pro
1595 295 1692 326 nimia

283 346 499 391 ‘festinatione
523 346 644 385 relicto,
669 348 857 379 festinanter
881 347 1012 389 ¹⁸pergit
1027 347 1086 378 hac
1109 358 1181 378 cum
1197 357 1274 378 voce
1290 346 1330 377 ad
1351 345 1522 381 ecclesiam,
1544 345 1620 377 Non
1643 352 1692 377 est

298 400 388 432 nobis
410 411 494 432 nunc
519 400 694 441 19temporis
718 400 871 441 prandere
887 399 1014 440 quando
1037 399 1070 430 in
1090 399 1169 430 mari
1191 398 1389 440 periclitatur
1408 398 1497 429 navis
1514 398 1612 429 sancti
1629 398 1693 430 Co-

298 453 424 485 lumbae.
471 453 545 484 Hoc
560 453 644 485 enim
660 458 832 489 momento,
857 452 924 494 ipse
942 452 1065 493 ²⁰hujus
1080 463 1195 483 nomen
1212 451 1379 483 Cainnichi
1394 451 1592 493 ingeminans
1608 462 1693 482 com-

299 511 462 543 memorat,
489 511 526 537 ut
550 516 607 547 pro
632 516 668 536 eo
690 510 722 536 et
739 505 830 536 sociis
852 504 1105 546 periclitantibus
1121 503 1315 536 ²¹Christiun
1331 508 1476 535 ²²exorct.
1524 503 1604 534 Post
1626 503 1693 535 haec

297 559 382 590 illius
399 560 495 591 verba
510 558 681 590 oratorium
697 558 867 600 ingressus,
888 556 978 588 flexis
998 557 1132 598 genibus
1149 556 1307 598 paulisper
1328 556 1448 593 oravit3
1473 556 1605 597 ejusque
1625 567 1692 587 ora-

299 612 415 643 tionem
433 611 621 643 exaudiente
632 610 779 647 Domino,
796 610 880 641 illico
897 614 1066 651 tempestas
1082 609 1226 646 cessavit,
1241 614 1273 640 et
1282 620 1367 640 mare
1378 609 1470 640 valde
1484 608 1691 650 tranquillum

298 664 418 695 factum
434 669 492 695 est.
531 663 617 694 Tum
633 662 747 693 deinde
763 667 889 693 sanctus
906 661 1074 699 Columba,
1093 661 1261 693 Cainnichi
1278 662 1318 692 ad
1334 661 1497 693 ecclesiam
1519 666 1693 703 ²³properae

298 717 417 748 tionem
432 716 464 747 in
481 716 594 757 spiritu
609 715 730 752 videns,
745 714 921 756 quamlibet
937 714 1032 756 longe
1044 715 1270 752 conversantis,
1285 714 1471 746 mirabiliter
1483 715 1542 746 hoc
1558 715 1597 746 de
1613 726 1692 756 puro

299 776 426 812 pectore
450 770 570 811 profert
591 770 734 806 verbum,
762 768 878 805 dicens,
905 766 1004 799 Nunc
1034 768 1179 810 cognovi,
1206 768 1235 800 O
1260 768 1473 805 ²⁴Cainniehe,
1497 768 1584 808 quod
1602 767 1694 799 Deus

299 829 387 855 tuam
403 823 580 855 exaudierit
594 833 738 864 precem3
763 833 848 853 nunc
871 821 962 853 valde
987 822 1077 853 nobis
1102 821 1228 863 proficit
1252 826 1327 852 tuus
1350 821 1390 852 ad
1417 820 1578 852 ecclesiam
1600 820 1693 852 velox

299 888 371 908 cum
386 888 450 907 uno
466 876 679 908 calceamento
696 881 829 906 cursuse.
876 874 916 905 In
932 874 992 905 hoo
1012 875 1120 916 itaque
1136 875 1193 906 tali
1207 874 1360 906 miraculo
1376 875 1550 912 amborum,
1570 879 1608 905 ut
1628 885 1694 905 cre-

298 932 413 970 dimus,
430 931 529 964 oratio
545 936 711 973 cooperata
726 936 776 962 est
794 930 994 963 Sanctorum.

348 1039 367 1054 15
378 1038 401 1060 in
414 1045 459 1059 uno
472 1038 498 1061 C,
509 1038 538 1059 D.
614 1038 633 1053 ¹⁶
645 1045 687 1059 om.
702 1037 728 1059 B.

299 1072 315 1086 '2¹
330 1078 372 1093 om.
386 1070 412 1093 C.
422 1070 452 1092 D.
520 1071 539 1086 22
551 1072 626 1091 oraret
639 1069 667 1091 D.

781 1038 799 1053 ¹⁷
812 1043 857 1065 prae
870 1036 895 1059 C.

299 1151 398 1178 bread‚’
415 1151 523 1174 distinct
540 1150 607 1173 from
626 1150 669 1173 the
685 1149 832 1173 Eucharist.
870 1149 917 1173 See
934 1149 968 1173 Is.

300 1193 444 1221 Casaubou,
466 1192 580 1216 Exercit.
601 1192 651 1215 xvi.
672 1200 696 1223 pi
712 1199 759 1222 374
773 1191 825 1223 (ed.
846 1191 968 1215 Francof.

303 1236 384 1265 1615).
419 1235 476 1259 The
495 1233 605 1266 euloyiae,
620 1234 700 1257 which
717 1225 782 1256 were
800 1233 923 1265 offerings
941 1241 971 1257 or

300 1279 436 1305 oblations‚
458 1285 526 1301 were
549 1277 678 1309 supposed
698 1281 725 1301 to
744 1277 775 1301 be
793 1277 920 1301 hallowed
938 1277 972 1309 by

298 1329 400 1352 prayer,
418 1320 469 1344 and
487 1320 554 1344 from
571 1320 641 1344 them
659 1320 703 1343 the
720 1319 801 1344 bread
820 1328 872 1343 was
892 1320 972 1343 taken

299 1364 339 1387 foi·
357 1363 538 1387 consecration
555 1363 581 1386 in
595 1363 639 1386 the
657 1362 804 1386 Eucharist.
840 1361 878 1385 Of
893 1362 971 1388 them,

299 1407 361 1435 also,
376 1414 453 1438 many
466 1406 522 1429 who
537 1413 603 1428 were
619 1407 664 1428 not
679 1404 801 1436 disposed
816 1412 844 1428 or
861 1403 971 1427 allowed

299 1453 327 1472 to
347 1448 532 1472 communicate
551 1455 618 1470 were
631 1447 657 1470 in
669 1447 713 1470 the
731 1446 804 1470 habit
822 1446 850 1469 of
864 1445 972 1478 partak-

299 1492 351 1522 ing.
386 1491 458 1514 Thus
478 1490 522 1514 the
539 1489 645 1514 Council
663 1489 692 1513 of
708 1489 815 1518 Nautes,
835 1489 895 1512 circ.
914 1488 970 1519 658,

299 1532 461 1564 prescribed:
477 1536 494 1546 “
504 1532 598 1556 Partes
610 1532 705 1556 incisas
718 1532 813 1555 habeat
825 1532 850 1555 in
862 1539 924 1555 vase
936 1531 974 1555 ni-

300 1576 364 1603 tido,
382 1579 412 1600 ut
428 1578 488 1607 post
503 1575 640 1598 missarum
658 1574 789 1601 solemnia,
805 1574 848 1605 qui
863 1581 973 1598 commu—

300 1619 387 1642 nicare
415 1625 464 1641 non
487 1617 594 1641 fuerunt
617 1616 676 1645 rati,
701 1616 816 1647 eulogias
841 1616 909 1639 omni
932 1615 973 1639 die

302 1660 435 1684 Dominico
453 1662 480 1683 et
493 1660 519 1683 in
531 1659 620 1682 diebus
633 1658 707 1682 festis
724 1657 817 1682 exinde
833 1657 971 1689 accipiant,

300 1706 327 1726 et
345 1703 398 1730 illa,
418 1701 485 1726 uude
502 1701 618 1733 eulogias
636 1701 773 1732 presbyter
793 1700 902 1724 daturus
924 1702 972 1729 est,

301 1749 360 1769 ante
372 1745 398 1768 in
409 1744 464 1768 haec
476 1743 556 1767 verba
568 1743 712 1767 benedicat.
737 1743 838 1766 Oratio.
864 1742 973 1766 Domine

303 1788 396 1811 Sancte
409 1787 489 1810 Pater
507 1786 676 1817 omnipotens,
693 1788 788 1809 aeterne
800 1785 879 1812 Deus,
897 1784 973 1808 bene-

302 1830 387 1852 dicere
402 1828 517 1860 digneris
530 1828 597 1851 hunc
609 1835 700 1859 panem
713 1830 759 1851 tua
776 1830 867 1851 sancta
880 1829 907 1850 et
921 1826 973 1858 spi-

301 1871 580 1897 ritualibenedictione,
591 1873 620 1893 ut
631 1870 664 1893 sit
674 1869 789 1893 omnibus
799 1869 868 1893 salus
880 1869 973 1893 mentis

301 1917 326 1936 et
340 1913 461 1944 corporis,
474 1916 551 1943 atque
564 1915 655 1936 contra
666 1919 752 1935 omnes
765 1911 866 1935 morbos
878 1914 905 1935 et
917 1910 973 1935 uni-

302 1963 389 1979 versas
412 1955 571 1978 inimicorum
592 1954 700 1978 insidias
723 1956 903 1983 tutamentum,
926 1961 973 1985 per

301 1998 428 2021 (lominum
438 2000 553 2021 nostrum
562 1997 650 2021 Jesum
660 1997 792 2021 Christum
802 1996 881 2020 filium
890 1998 971 2024 tuum,

300 2048 391 2072 panem
402 2040 462 2063 vitae
474 2039 516 2070 qui
526 2039 557 2062 de
570 2039 634 2063 coelo
646 2039 787 2067 descendit,
798 2042 825 2062 et
837 2038 882 2062 dat
893 2039 974 2062 vitam

300 2086 327 2105 et
343 2082 452 2105 salutem
473 2081 567 2104 mundo
586 2084 612 2105 et
631 2084 717 2105 tecum
732 2081 797 2105 vivit
814 2083 840 2104 et
857 2081 973 2112 regnat‚⁷'

300 2126 343 2147 &c
363 2123 519 2155 (Hardouin,
529 2123 625 2147 Concil.
636 2126 696 2147 tom.
706 2123 738 2146 vi.
749 2126 809 2154 part
819 2123 835 2147 i.
848 2122 894 2146 col.
904 2122 973 2154 459.)

302 2167 349 2189 See
369 2165 424 2190 also
444 2165 479 2189 Le
493 2165 572 2194 Brun,
593 2165 740 2197 Explicatio
761 2165 856 2194 Missae,
878 2168 939 2189 tom.
954 2165 970 2188 i.

954 1037 973 1052 ¹⁸
985 1037 1089 1065 perrexit
1102 1037 1130 1058 D.

735 1070 754 1085 ²³
766 1069 958 1097 praeparationem
971 1068 997 1091 C.

1199 1038 1218 1053 19
1229 1040 1320 1066 tempus
1332 1037 1358 1060 C,
1424 1038 1444 1053 20
1455 1037 1504 1067 ejus
1516 1037 1542 1059 B.
1573 1044 1614 1058 om.
1625 1036 1651 1059 C.
1663 1037 1691 1059 D.

1064 1071 1082 1086 ²⁴
1094 1069 1217 1092 cainneche
1229 1070 1257 1092 B.
1291 1069 1427 1092 cahinniche
1439 1069 1466 1092 C.

1021 1158 1044 1182 p.
1058 1158 1116 1180 141;
1131 1150 1254 1182 Ducange
1267 1151 1291 1173 in
1304 1158 1354 1174 voc.
1367 1158 1392 1175 n.
1405 1158 1428 1173 2.
1464 1150 1520 1173 The
1534 1150 1598 1174 Rule
1611 1149 1640 1173 of
1650 1150 1690 1174 St.

1022 1192 1195 1216 Columbanus
1208 1192 1318 1216 direets:
1335 1192 1483 1224 “Eulogias
1495 1192 1638 1216 immundus
1651 1200 1693 1216 ac-

1022 1234 1126 1266 cipienS‚
1143 1234 1277 1258 duodecim
1295 1234 1580 1266 percussionibus.”-—c.
1595 1242 1611 1263 4
1623 1233 1694 1265 (Fle-

1021 1277 1099 1308 ming,
1109 1276 1250 1300 Collectan.
1259 1284 1300 1308 pp.
1313 1284 1342 1299 20
1351 1276 1372 1304 b,
1389 1284 1418 1307 29
1425 1277 1462 1307 a).
1490 1276 1518 1299 Iu
1528 1276 1578 1299 like
1588 1283 1693 1299 manner

1022 1318 1066 1342 the
1079 1318 1144 1342 Rule
1164 1318 1193 1342 of
1209 1319 1248 1342 St.
1262 1318 1402 1341 Benedict:
1417 1321 1431 1331 ‘⁶
1442 1317 1597 1341 Nullatenus
1615 1318 1694 1342 liceat

1022 1360 1146 1384 monacho
1156 1368 1202 1383 nec
1214 1368 1229 1384 a
1241 1360 1392 1391 parentibus
1407 1360 1466 1389 suis,
1482 1367 1528 1383 nec
1539 1367 1554 1383 a
1567 1367 1694 1391 quoquam

1022 1403 1160 1430 hominum,
1172 1410 1218 1426 nec
1231 1402 1279 1426 sibi
1291 1402 1400 1425 invicem
1410 1402 1508 1431 literas,
1522 1406 1567 1425 aut
1576 1401 1691 1433 Eulogia,

1023 1445 1064 1469 vel
1074 1445 1195 1477 quaelibet
1207 1444 1358 1468 munuscula
1370 1444 1486 1475 accipere
1499 1448 1544 1468 aut
1557 1444 1627 1472 dare,
1640 1444 1694 1467 sine

1023 1491 1155 1519 praecepto
1173 1487 1286 1511 Abbatis
1306 1487 1458 1518 sui.”—cap.
1477 1495 1509 1517 54
1527 1486 1607 1517 (Nov.
1627 1486 1694 1510 Bibl.

1024 1531 1082 1555 Vet.
1092 1530 1167 1554 Patr.
1178 1533 1239 1553 tom.
1249 1529 1264 1553 i.
1278 1537 1301 1561 p.
1313 1536 1369 1559 701,
1385 1529 1444 1552 Par.
1460 1529 1540 1561 1639).
1568 1529 1623 1552 The
1636 1536 1694 1560 pre—

1024 1575 1082 1597 sent
1094 1579 1206 1603 passage
1224 1572 1307 1595 shows
1323 1572 1382 1595 that
1399 1571 1426 1594 in
1437 1571 1481 1595 the
1499 1571 1566 1594 Irish
1579 1571 1692 1598 Church,

1023 1615 1049 1639 in
1066 1615 1104 1639 St.
1117 1614 1264 1638 Columba's
1282 1614 1352 1642 time,
1369 1613 1391 1637 it
1403 1621 1455 1637 was
1473 1613 1516 1637 the
1534 1613 1649 1644 practice
1666 1616 1695 1637 to

1023 1657 1181 1689 participate
1194 1656 1378 1687 reverentially
1391 1656 1419 1679 of
1427 1656 1470 1679 the
1483 1656 1598 1687 Eulogiae
1611 1659 1639 1680 at
1651 1656 1694 1679 the

1024 1701 1239 1723 commencement
1257 1698 1285 1722 of
1294 1698 1338 1722 the
1355 1698 1491 1722 afternoon
1509 1698 1583 1726 meal,
1601 1698 1652 1722 and
1669 1698 1695 1722 in

1023 1742 1067 1765 the
1085 1741 1222 1772 refectory.
1260 1741 1316 1764 The
1327 1741 1395 1764 later
1409 1741 1592 1772 manuscripts,
1606 1743 1634 1765 to
1651 1748 1694 1765 ac-

1023 1783 1185 1807 commodate
1195 1783 1238 1806 the
1245 1783 1361 1814 practice
1371 1785 1398 1806 to
1409 1790 1478 1806 more
1488 1783 1594 1806 modern
1606 1790 1695 1814 usage,

1024 1826 1163 1850 substitute
1175 1826 1282 1850 oratorio
1291 1825 1330 1849 for
1342 1826 1480 1858 refectorio,
1493 1826 1539 1850 but
1548 1826 1573 1849 in
1581 1826 1695 1850 violence

1023 1871 1050 1892 to
1063 1868 1107 1892 the
1119 1871 1230 1897 context,
1245 1868 1326 1891 which
1336 1868 1407 1897 adds,
1419 1871 1433 1881 ¹⁴
1442 1868 1595 1892 festinanter
1607 1868 1695 1900 pergit

1022 1911 1071 1935 hac
1084 1919 1140 1935 cum
1153 1919 1215 1934 voce
1228 1910 1261 1934 ad
1272 1910 1405 1938 ecclesiam,
1420 1911 1478 1934 Non
1490 1913 1532 1934 est
1542 1910 1615 1934 nobis
1627 1918 1694 1934 nunc

1023 1954 1147 1986 temporis
1155 1953 1288 1985 prandere.
1325 1954 1388 1977 Post
1399 1953 1454 1977 haec
1465 1953 1533 1976 illius
1546 1953 1626 1976 verba
1638 1961 1694 1976 ora-

1023 1996 1111 2019 torium
1122 1996 1278 2027 ingressus.''
1319 1995 1366 2018 See
1379 1995 1421 2018 the
1434 1993 1505 2018 word
1520 1993 1616 2025 euloqia
1631 1993 1695 2018 used

1023 2038 1049 2061 in
1061 2037 1171 2061 another
1183 2045 1257 2061 sense
1269 2037 1294 2060 iu
1307 2045 1362 2068 cap.
1374 2043 1386 2066 7
1400 2037 1436 2068 (p.
1450 2045 1458 2060 1
1466 2035 1506 2067 14)
1519 2044 1601 2067 supra.

1056 2086 1065 2096 ἓ
1080 2079 1277 2104 Cursus.--The
1294 2079 1420 2103 anecdote
1432 2079 1453 2102 is
1466 2078 1526 2102 thus
1541 2077 1596 2101 told
1612 2078 1637 2101 in
1649 2077 1694 2101 the

1025 2122 1081 2146 Life
1090 2122 1117 2146 of
1126 2122 1165 2146 St.
1177 2120 1320 2145 Cainnech:
1335 2123 1348 2134 ¹⁴
1358 2119 1474 2149 Quodam
1484 2123 1569 2143 autem
1579 2122 1694 2151 tempore

1024 2171 1080 2188 cum
1099 2164 1124 2188 S.
1139 2162 1265 2187 Columba
1282 2161 1358 2194 Kylle
1375 2161 1401 2185 in
1419 2161 1483 2185 mari
1500 2161 1648 2193 navigaret,
1667 2164 1694 2185 et
