1914 2518
306 184 350 216 80
798 181 875 219 Vita
894 182 1016 221 Sancti
1037 183 1208 221 Columbae
1585 195 1659 234 [LIB.
1675 204 1692 224 1.

300 279 413 312 fratres
429 279 468 311 ad
487 280 650 318 Sanctum,
670 280 747 319 Cur,
765 281 865 320 aiunt,
885 287 919 313 ⁵a
941 282 1046 314 “nobis
1061 283 1261 325 regrediente
1277 282 1440 315 ⁷Cr0nano
1456 289 1551 325 poeta
1566 284 1693 326 aliquod

300 345 339 364 cx
354 344 440 365 more
457 345 520 365 suae
541 333 616 365 artis
632 334 790 366 canticum
805 346 869 366 non
885 336 1052 377 postulasti
1070 336 1304 368 modulabiliter
1319 336 1479 368 decantari
1492 338 1523 368 Pd
1567 337 1693 378 Quibus

302 385 448 423 Sanctus,
467 386 591 426 BQuare
608 391 656 417 ⁹et
673 390 754 417 10νοε
771 398 855 418 nunc
876 387 1001 418 inutilia
1023 388 1169 429 profertis
1187 390 1283 420 verba
1295 390 1311 420 ⁴?
1335 390 1495 430 quomodo
1509 391 1547 421 ab
1563 390 1618 422 illo
1634 390 1692 421 mi-

299 450 366 470 sero
383 439 592 470 homuncione
608 450 733 470 carmen
749 439 942 480 postularem
958 439 1075 470 laetitiae
1092 440 1147 481 qui
1163 452 1257 478 nuno,
1275 442 1313 472 ab
1330 441 1486 473 inimicis¹¹
1503 442 1691 479 trucidatuS,

299 491 394 522 finem
417 492 458 523 ad
481 503 581 533 usque
606 491 692 522 ocius
718 491 864 533 pervenit
887 492 972 522 vitae.
1020 492 1082 523 His
1108 504 1125 523 a
1152 492 1268 525 Sancto
1293 494 1397 531 dietis,
1426 499 1458 525 et
1485 506 1556 526 ecce
1584 495 1693 526 ¹²ultra

298 544 416 576 flumen
439 545 552 586 aliquis
574 544 742 576 ¹3clamitat
760 544 855 575 homo
876 545 994 582 dicem,
1020 545 1080 576 Ille
1095 551 1199 587 poeta,
1218 547 1273 587 qui
1296 550 1339 578 ¹⁴11.
1356 547 1444 578 vobis
1465 559 1566 590 nuper
1587 559 1693 590 sospes

299 598 402 635 rediit,
420 598 497 629 hora
513 597 571 628 ¹⁵in
588 597 645 629 hae
661 598 700 628 ab
715 597 850 628 inimicis
865 597 898 628 in
914 597 964 629 via
980 597 1166 630 interfectus
1182 605 1240 630 est.
1280 600 1426 631 ¹⁶Omnes
1442 606 1519 632 tunc
1538 600 1593 642 qui
1613 612 1693 642 prae-

299 656 402 682 sentes
418 649 541 681 inerant
555 649 645 681 valde
663 649 804 687 1⁷mirati‚
823 660 856 681 se
871 649 1007 681 invicem
1024 649 1186 682 intuentes
1202 652 1404 693 obstupuere.

346 790 405 815 ¹DE
425 795 550 816 DUOBIS
567 790 745 816 TlGERNlSa
762 795 881 816 SANCTl
900 795 1118 816 VATICINATIO
1134 795 1216 822 leI,
1237 796 1410 819 QU1AMBO
1428 796 1557 817 MUTUIS
1575 796 1657 816 VCL-

773 847 928 868 NERIBUS
951 847 1216 868 DISPERIERANT.

366 910 460 941 Amo
484 909 594 941 itidem
615 909 663 940 ²in
688 914 840 951 tempore,
862 909 997 942 Sanctus
1018 910 1052 941 in
1070 910 1167 942 ³Ioua
1190 914 1393 942 ⁴conversans
1416 910 1528 948 insula,
1547 915 1692 953 ⁵repente

300 964 382 995 inter
401 964 589 1006 6legendum
612 975 746 1001 summo,
768 975 840 995 cum
863 964 987 1006 ingenti
1007 963 1224 1002 admiratione,
1247 964 1370 1006 gemitu
1390 963 1548 1006 ingemuit
1569 970 1691 996 maesto.

791 1069 801 1083 θ
813 1069 847 1091 ait
860 1069 886 1091 D.
957 1068 967 1084 ⁹
979 1070 1009 1091 ad
1021 1069 1050 1091 D.
1123 1070 1141 1085 ¹⁰
1153 1076 1195 1091 nos
1207 1069 1235 1091 D.
1310 1071 1325 1086 ¹¹
1337 1069 1366 1092 A.
1376 1069 1402 1092 C.
1414 1069 1440 1092 F.
1450 1069 1473 1092 S.
1498 1070 1650 1092 trucidandus
1662 1070 1690 1094 B.

857 1102 875 1117 ¹⁴
887 1109 930 1124 om.
945 1101 970 1125 C.
1040 1103 1058 1117 ¹⁵
1070 1109 1112 1124 om.
1126 1101 1155 1124 D.
1225 1103 1243 1117 ¹⁶
1255 1109 1297 1124 om.
1312 1102 1341 1124 D.
1411 1103 1428 1118 ¹7
1442 1102 1551 1124 admirati
1563 1102 1593 1124 D.

791 1146 801 1161 2
810 1152 852 1167 om.
866 1144 892 1167 C.
904 1145 932 1167 D.
1000 1145 1009 1158 ³
1020 1144 1048 1167 A.
1063 1144 1089 1167 C.
1104 1144 1129 1167 F.
1144 1144 1166 1167 S.
1202 1144 1254 1166 iona
1268 1144 1295 1167 B.
1308 1144 1335 1166 D.
1402 1145 1411 1160 ³
1424 1151 1466 1166 om.
1477 1143 1506 1166 D.
1574 1145 1584 1158 ⁶
1595 1150 1691 1166 conver-

352 1070 379 1085 *ss
391 1077 433 1092 om.
447 1069 478 1091 D.
545 1070 555 1085 7
565 1076 679 1091 coronano
693 1069 719 1092 C.

302 1101 360 1124 Boll.
428 1103 447 1118 ¹²
458 1102 488 1123 ad
500 1101 530 1124 D.
599 1103 617 1118 ¹³
629 1101 746 1124 clamabat
758 1101 787 1124 D.

351 1146 357 1161 1
369 1144 428 1166 titul.
441 1153 484 1167 om.
498 1144 524 1167 C.
539 1145 567 1166 D.
581 1145 606 1166 F.
620 1144 643 1167 S.
657 1144 716 1168 Βο11.

301 1181 364 1200 satus
377 1177 405 1199 D.
472 1178 482 1193 θ
492 1177 589 1206 legendo
602 1177 631 1199 D.

300 1257 418 1288 position,
424 1257 467 1280 the
474 1257 573 1281 Ambra
579 1257 760 1286 Choluimcille,
769 1257 838 1288 (Lib.
846 1257 968 1289 Hymnor.

299 1300 342 1324 fol.
355 1300 383 1329 67
395 1309 425 1327 a;
439 1300 558 1324 Leabhar
569 1308 603 1324 na
611 1300 746 1326 h-Uidhre.
756 1300 799 1324 fol.
812 1302 839 1329 83
853 1301 885 1324 H.
898 1309 919 1328 2,
932 1302 968 1328 16,

302 1343 375 1365 Trin.
389 1342 453 1366 Coll.
468 1342 545 1366 Dubl.
560 1342 602 1365 fol.
612 1343 655 1365 681
669 1351 674 1369 ;
696 1342 827 1374 Highland
842 1343 897 1366 Soc.
912 1343 968 1367 MS.

300 1383 345 1407 fol.
361 1392 386 1407 12
398 1383 454 1414 bb);
473 1384 523 1407 and
535 1384 556 1407 is
569 1386 596 1407 to
608 1384 638 1407 be
650 1383 729 1407 found
742 1388 769 1407 at
781 1384 826 1407 full
842 1384 931 1415 length
945 1385 970 1408 in

301 1426 436 1458 Keating’s
448 1429 558 1450 account
571 1426 599 1449 of
608 1426 651 1449 the
664 1426 816 1450 convention
829 1426 857 1450 of
866 1426 969 1450 Druim‹

299 1472 376 1492 ceatt.
411 1468 494 1500 (Hist.
507 1476 558 1499 rey.
572 1467 667 1498 Aedh.)
709 1468 766 1491 The
778 1471 883 1499 present
895 1476 970 1492 anec-

299 1509 359 1532 dote
371 1509 431 1532 does
443 1512 489 1532 not
500 1509 612 1532 iudicate
624 1509 698 1532 much
711 1509 847 1540 cordiality
855 1509 970 1533 between

299 1551 343 1574 the
360 1551 521 1574 ecclesiastic
538 1551 588 1574 and
601 1551 644 1574 the
657 1551 736 1578 bard;
757 1551 804 1575 but
818 1552 843 1574 in
857 1552 900 1575 the
913 1551 969 1575 Life

299 1593 328 1615 of
342 1593 379 1617 St.
390 1593 498 1617 Colman
515 1593 544 1616 of
553 1593 679 1616 Dromore
695 1593 767 1616 there
784 1593 806 1617 is
824 1601 839 1617 a
857 1593 969 1625 striking

300 1638 416 1661 instance
437 1637 466 1661 os
480 1637 523 1661 the
540 1637 658 1668 hostility
675 1637 756 1660 which
776 1637 909 1668 prevailed
926 1637 969 1661 be-

299 1684 382 1703 tween
394 1680 438 1704 the
451 1680 554 1703 orders:
575 1679 659 1710 “Ipso
672 1679 810 1711 aliquando
821 1680 846 1702 in
859 1679 969 1711 quadam

298 1721 364 1745 silva
375 1721 458 1745 turbis
470 1721 635 1753 praedicante,
651 1720 739 1744 Poetae
750 1721 910 1752 impudentes
927 1729 969 1744 su-

299 1766 478 1795 pervenerunt,
491 1771 521 1787 ac
533 1763 678 1794 importune
691 1763 723 1786 ab
735 1771 765 1786 eo
781 1763 877 1794 aliquid
889 1764 968 1795 petie-

298 1809 367 1829 runt.
403 1805 501 1834 Quibus
514 1807 553 1829 vir
565 1805 614 1829 Dei
627 1805 672 1832 ait,
692 1805 750 1828 Non
767 1805 856 1833 habeo,
874 1805 966 1836 inquit,

298 1848 373 1871 modo
396 1847 464 1879 quod
483 1847 556 1871 vobis
579 1847 644 1875 dem,
667 1850 763 1878 praeter
785 1847 891 1870 verbum
909 1847 966 1871 Dei.

300 1890 371 1913 Unus
384 1894 470 1913 autem
482 1889 583 1912 illorum
596 1890 640 1918 ait,
651 1889 764 1913 Verbum
773 1889 821 1912 Dei
833 1889 880 1913 tibi
891 1889 966 1917 habe,

299 1932 368 1955 aliud
386 1931 458 1955 nobis
476 1931 568 1955 tribue.
604 1931 636 1954 Et
655 1931 714 1954 ille:
734 1931 897 1962 Insipienter,
917 1939 968 1954 me-

299 1975 364 1997 liora
386 1981 518 2004 respuens,
544 1973 634 2004 pejora
652 1973 734 2004 eligis.
781 1973 855 1996 Tunc
875 1972 965 2000 Poeta,

299 2016 424 2039 hominem
448 2015 496 2038 Dei
518 2018 631 2042 tentans,
654 2015 728 2042 dixit,
751 2015 879 2038 Arborem
901 2014 967 2038 hanc

299 2063 419 2088 magnam
440 2055 473 2079 ad
491 2058 588 2079 terram
604 2060 746 2087 prosterne.
789 2056 836 2080 Vir
851 2059 965 2083 sauctus,

302 2099 336 2127 Si,
353 2098 443 2129 inquit,
462 2097 487 2120 in
500 2097 550 2120 fide
569 2098 716 2128 proficeres,
732 2099 855 2122 virtutem
868 2098 916 2122 Dei
930 2098 967 2121 vi-

301 2142 381 2164 deres.
406 2139 453 2163 His
463 2139 547 2168 dictis,
560 2140 670 2163 orationi
681 2139 811 2171 paululum
823 2140 927 2168 institit,
941 2144 967 2164 et

1021 1258 1110 1281 statim
1123 1257 1200 1281 arbor
1212 1257 1256 1281 illa
1267 1257 1293 1281 in
1305 1259 1403 1280 terram
1420 1256 1526 1281 corruit.
1562 1256 1613 1280 Sed
1625 1256 1690 1280 filius

1021 1299 1169 1323 diffidentiae
1181 1307 1230 1322 nou
1243 1302 1283 1322 est
1295 1302 1419 1326 mutatus,
1434 1298 1478 1322 sed
1490 1299 1516 1322 in
1534 1298 1633 1322 malitia
1647 1299 1690 1322 ob-

1020 1341 1140 1370 stinatus,
1150 1341 1350 1372 blasphemando
1359 1341 1403 1370 ait,
1414 1341 1471 1365 Hoc
1480 1349 1529 1365 nou
1539 1344 1579 1365 est
1588 1341 1688 1370 mirum,

1021 1382 1080 1413 quia
1099 1390 1197 1406 annosa
1214 1383 1309 1406 robora
1333 1383 1447 1414 quotidie
1468 1382 1579 1407 cadunt:
1600 1383 1646 1407 sed
1669 1384 1690 1407 si

1020 1424 1095 1448 modo
1107 1432 1163 1448 eam
1176 1425 1298 1456 erigeres,
1310 1425 1433 1448 miraculo
1445 1428 1599 1456 reputarem.
1636 1425 1691 1449 Nec

1020 1474 1100 1494 mora,
1111 1466 1198 1490 divina
1206 1467 1302 1490 virtute
1312 1466 1390 1490 arbor
1398 1467 1442 1490 illa
1451 1470 1492 1491 est
1502 1467 1587 1491 subito
1595 1470 1690 1497 erecta,

1020 1515 1050 1531 ae
1063 1508 1084 1531 si
1097 1511 1173 1532 antea
1189 1516 1239 1532 non
1251 1508 1364 1532 caderet.
1399 1508 1459 1532 Illos
1473 1516 1534 1532 vero
1547 1509 1650 1537 Poetas,
1664 1509 1690 1533 in

1018 1551 1171 1575 infidelitate
1179 1551 1321 1579 induratos,
1329 1554 1461 1583 tamquam
1469 1552 1579 1575 alterum
1587 1552 1691 1576 Dat'uan

1019 1597 1046 1618 et
1059 1594 1165 1625 Abyron
1183 1597 1255 1618 terra
1272 1594 1414 1617 absorbuit.
1451 1593 1508 1622 Quo
1520 1593 1584 1621 viso,
1604 1600 1690 1617 omnes

1019 1636 1063 1667 qui
1083 1636 1193 1659 aderant
1212 1643 1299 1659 coram
1312 1635 1368 1659 viro
1379 1635 1428 1659 Dei
1443 1642 1528 1666 genua
1545 1635 1688 1663 flectentes,

1019 1678 1155 1701 Dominum
1164 1678 1245 1701 Deum
1254 1677 1280 1700 in
1289 1677 1346 1708 ipso
1354 1676 1591 1708 glorificaverunt.”
1607 1676 1690 1708 (Acta

1020 1720 1064 1744 SS.
1076 1720 1155 1747 Junii,
1170 1723 1230 1743 tom.
1243 1719 1268 1743 ii.
1280 1727 1305 1751 p.
1321 1727 1348 1749 27
1363 1719 1398 1751 b.)
1440 1720 1486 1743 See
1499 1719 1606 1743 Reeves’
1618 1718 1688 1743 Eccl.

1019 1762 1081 1786 Ant.
1094 1770 1118 1793 p.
1133 1763 1186 1792 358.

1050 1806 1061 1821 d
1073 1803 1264 1828 Modulahiliter
1284 1803 1575 1828 decantari.—O'Conor
1596 1804 1688 1828 under-

1019 1846 1110 1870 stands
1120 1846 1171 1869 this
1184 1846 1212 1869 of
1221 1854 1237 1869 a.
1248 1853 1313 1877 song
1325 1845 1507 1877 accompanied
1516 1845 1550 1877 by
1560 1846 1604 1870 the
1615 1846 1688 1877 harp.

1019 1882 1091 1920 (ἢέν.
1105 1888 1164 1912 Hib.
1179 1889 1273 1920 Script.
1287 1889 1320 1911 iv.
1333 1896 1358 1919 p.
1374 1888 1439 1918 154.)
1474 1890 1487 1901 “
1499 1888 1557 1919 Ipse
1574 1895 1620 1912 rex
1632 1888 1688 1912 Mu-

1018 1931 1108 1955 meniae
1120 1931 1277 1962 AEngussius
1295 1930 1453 1962 cytharistas
1466 1929 1556 1953 habuit
1568 1930 1686 1961 optimos,

1019 1973 1061 2004 qui
1074 1973 1185 1997 dulciter
1197 1981 1284 1997 eoram
1298 1980 1328 1996 eo
1343 1976 1403 1996 acta
1415 1973 1520 1996 heroum
1531 1973 1558 1996 in
1576 1972 1688 1996 carmine

1018 2015 1202 2039 citharizantes
1213 2015 1451 2039 canebant.'’—Vit.
1459 2015 1483 2038 S.
1494 2014 1607 2043 Kierani,
1617 2022 1638 2038 c.
1651 2022 1686 2044 17.

1018 2057 1105 2088 (Colg.
1120 2057 1179 2081 Act.
1194 2057 1238 2081 SS.
1251 2065 1275 2089 p.
1288 2057 1336 2087 460
1346 2058 1382 2088 a.)
1425 2056 1541 2080 Dallan’s
1561 2056 1635 2088 elegy
1655 2064 1688 2080 on

1019 2099 1056 2123 St.
1071 2098 1204 2126 Columba,
1220 2098 1288 2123 cited
1300 2098 1334 2130 by
1343 2098 1386 2122 the
1399 2098 1467 2122 Four
1477 2098 1590 2121 Masters
1602 2098 1646 2129 (A.
1657 2098 1685 2122 C.

1017 2140 1085 2172 592),
1100 2148 1158 2173 says
1169 2150 1174 2164 ε
