1914 2518
318 197 382 243 158
797 191 876 228 Vita
896 191 1016 228 Sancti
1040 190 1212 227 Columboe
1581 198 1654 237 [Lm.
1669 207 1700 227 11.

312 295 343 325 in
354 293 488 325 vinculis
500 296 642 324 retentus
657 302 738 323 sum.
764 290 828 322 Sed
838 289 916 321 mihi
931 289 1060 331 quidam
1074 287 1316 331 'cognationalis
1327 287 1422 318 honio
1438 286 1578 328 ejusdem
1593 298 1704 328 paren-

312 347 394 383 telae,
412 346 504 377 valde
520 345 632 386 opibus
648 344 829 385 opulentus,
854 342 1054 379 subveniens,
1079 353 1130 373 me
1146 347 1324 383 opportune
1340 346 1373 371 et-
1389 340 1428 371 de
1444 340 1578 371 vinculis
1594 340 1704 371 vincu-

312 399 413 430 latum
428 397 562 429 absolvit
570 397 587 435 ¹,
613 403 645 428 et
662 397 701 428 de
721 402 823 428 morte
838 407 927 427 reum
943 395 1069 437 eripuit.
1115 395 1178 427 Cui
1194 400 1266 436 post
1281 394 1512 426 absolutionem
1527 405 1600 426 eum
1614 394 1705 425 firma

310 451 469 492 juratione
485 451 689 492 promiseram
711 461 762 481 nie
785 449 887 481 eidem
908 448 1054 480 omnibus
1076 460 1154 480 meae
1174 448 1286 480 diebus
1302 448 1375 479 vitae
1388 448 1591 479 serviturum.
1640 447 1704 479 Sed

312 511 385 545 post
407 503 528 544 aliquot
551 503 617 533 dies
640 502 672 532 in
699 501 853 532 servitute
870 506 1025 542 peractos,
1054 501 1170 532 servire
1196 500 1316 531 homini
1343 500 1545 541 dedignatus,
1574 504 1607 531 et
1633 499 1704 531 Deo

314 555 419 596 potius
435 554 648 586 obsecundare
668 552 798 589 1111116115,
817 552 959 583 desertor
973 551 1058 582 illius
1074 552 1205 583 carnalis
1221 552 1351 589 domini,
1364 552 1581 594 jrn'amentum
1596 551 1706 583 infrin-

312 618 401 649 gens,
427 606 580 643 Sdiscessi,
605 611 638 637 et
657 605 698 636 ad
712 610 754 642 te,
770 604 907 635 Domino
930 614 1037 635 meum
1059 610 1263 646 prosperante
1285 604 1355 641 iter,
1380 604 1519 645 perveni.
1565 604 1623 635 Ad
1637 605 1705 636 haec

317 660 463 697 Sanctus,
488 660 591 691 virum
614 670 671 700 pro
695 657 811 689 talibus
834 657 927 688 valde
950 656 1023 698 angi
1047 657 1167 695 videns,
1192 657 1286 689 sicuti
1310 658 1396 699 prius
1414 658 1617 699 prophetans,
1634 669 1707 699 pro-

318 713 414 751 fatur,
431 713 588 754 inquiens,
606 712 685 743 Post
701 716 914 752 septenorum,
932 711 1015 742 sicut
1029 710 1088 742 tibi
1104 711 1225 743 dictum
1241 716 1299 748 est,
1317 711 1528 753 expletionem
1542 723 1706 747 annorum,

316 767 426 798 diebus
449 767 489 798 ad
504 778 554 797 me
570 766 633 797 huc
650 763 991 806 ⁹quad1·agesimalibus
1012 764 1129 801 venies,
1153 770 1190 795 ut
1215 764 1247 795 in
1273 763 1418 795 Paschali
1441 764 1641 795 solemnitate
1665 764 1705 795 ad

313 820 459 851 altarium
474 819 614 855 accedas,
635 824 671 862 et
684 817 918 849 Eucharistiam
933 828 1048 848 sumas.
1598 817 1707 848 Sancti

317 875 375 905 viri
390 874 529 916 imperiis
550 885 606 915 per
627 873 731 905 omnia
752 873 907 914 poenitens
931 872 1116 914 obsequitur
1131 873 1326 915 peregrinus.
1373 872 1581 913 ¹⁰Iisdemque
1597 872 1708 904 diebus

317 928 356 958 ad
372 927 598 958 monasterium
614 926 729 968 Campi
743 926 857 957 missus
874 926 1052 968 ¹¹Lungem,
1077 926 1194 958 ibidem
1215 926 1307 968 plene
1328 925 1461 967 expletis
1476 925 1509 956 in
1524 925 1709 967 poenitentia

317 987 438 1022 septem
454 979 553 1017 annis,
571 979 610 1010 ad
626 978 790 1015 Sanctum,
807 978 918 1009 diebus
934 978 1193 1020 quadragesimae,
1206 978 1301 1019 juxta
1311 978 1380 1019 ejus
1395 978 1530 1019 priorem
1546 977 1709 1019 propheti-

316 1044 384 1064 cam
397 1032 582 1074 jussionem,
605 1031 785 1063 revertitur.
838 1030 885 1061 Et
902 1035 975 1071 post
992 1035 1152 1071 peractam
1171 1029 1302 1061 Paschae
1322 1029 1566 1066 solemnitatem,
1586 1029 1620 1060 in
1644 1040 1708 1070 qua

317 1086 425 1127 jussus
448 1085 488 1115 ad
506 1084 604 1115 altare
626 1082 768 1120 accessit,
795 1082 835 1113 ad
857 1082 1009 1113 Sanctum
1029 1081 1068 1112 de
1089 1092 1184 1122 supra
1203 1081 1402 1123 interrogans
1424 1086 1598 1112 memorato
1619 1080 1708 1112 venit

313 1139 504 1179 juramento.
565 1135 628 1167 Cui
658 1135 794 1167 Sanctus
824 1133 1034 1175 interroganti
1064 1133 1140 1164 talia
1169 1133 1344 1164 vaticinans
1374 1144 1523 1174 responsa
1553 1132 1708 1174 profatur,

324 1191 415 1221 Tuus
437 1190 476 1220 dc
501 1200 564 1230 quo
592 1188 670 1218 mihi
693 1187 863 1228 aliquando
886 1186 1020 1223 dixeras,
1045 1185 1176 1217 carnalis
1203 1191 1346 1227 superest
1369 1185 1533 1221 dominus3
1557 1190 1710 1226 paterque

319 1250 351 1275 et
367 1249 467 1275 mater
482 1249 514 1274 et
534 1242 647 1273 fratres
662 1241 766 1272 adhuc
781 1240 906 1272 vivunt.
952 1239 987 1270 N
989 1250 1050 1271 unc
1071 1250 1147 1281 ergo
1165 1250 1338 1281 praeparare
1355 1244 1386 1270 te
1407 1239 1502 1270 debes
1523 1238 1563 1269 ad
1581 1237 1711 1279 naviga-

502 1295 548 1326 Et
570 1295 652 1326 inter
674 1294 741 1325 haec
764 1293 860 1324 verba
882 1291 1073 1323 macheramn
1098 1292 1244 1323 belluinis
1267 1296 1409 1323 ornatam
1440 1289 1552 1322 dolatis
1577 1289 1711 1331 protulit

1096 817 1185 858 Quid
1201 817 1306 849 verbis
1322 817 1528 848 immoramur
1534 817 1550 847 Ρ

319 1298 448 1329 tionem.

352 1385 359 1398 ’ν
373 1381 534 1411 cognitionalis
547 1380 574 1402 A.
641 1380 651 1394 Β
663 1378 747 1400 decessi
758 1377 787 1400 A.
855 1378 864 1393 ⁹
875 1375 1129 1405 quadragensimalibus
1140 1376 1170 1398 A.
1238 1377 1256 1392 1⁴³
1268 1375 1402 1404 hisdemque
1414 1374 1443 1397 A.
1451 1374 1478 1396 B.
1546 1374 1563 1389 ¹¹
1576 1373 1644 1402 longe
1656 1373 1683 1395 B.

322 1460 338 1467 ⁶·
350 1453 396 1476 sub
409 1452 546 1475 clericatus
559 1450 672 1473 habitu.”
707 1449 763 1472 The
776 1447 901 1471 violation
913 1446 942 1470 of
950 1446 990 1470 his
1072 1452 1083 1463 ¹¹
1096 1445 1361 1470 BIucheram.—From
1374 1445 1499 1476 μάχαιρα.
1535 1443 1607 1467 Thus
1626 1443 1651 1466 in
1667 1443 1711 1466 the

320 1494 381 1518 oath
394 1501 446 1517 was
461 1491 612 1516 considered
624 1491 657 1522 by
667 1490 710 1514 the
722 1490 839 1521 penitent
852 1497 868 1512 a.
885 1491 990 1520 greater

321 1538 412 1561 crime:
429 1544 466 1563 or,
482 1539 508 1559 at
522 1535 596 1562 least,
610 1534 686 1565 being
699 1541 715 1556 a
731 1531 869 1556 continued
882 1531 987 1558 offence,

321 1581 341 1603 it
355 1586 406 1602 was
416 1585 485 1601 more
499 1576 654 1607 distressing
667 1580 694 1598 to
705 1575 744 1598 his
761 1573 917 1597 conscience.

355 1622 358 1637 ¹
370 1619 598 1644 Absolvit.—That
610 1618 640 1647 is,
653 1617 684 1640 he
696 1616 756 1648 paid
768 1616 812 1640 the
825 1616 883 1642 eric,
897 1622 925 1638 or
933 1614 989 1643 fine,

321 1662 528 1686 in·satissaction
546 1664 574 1684 to
589 1660 632 1683 the
650 1661 755 1682 nearest
772 1658 890 1681 kinsmen
907 1656 935 1680 of
947 1656 991 1680 the

322 1705 455 1730 deceased.
500 1708 516 1718 ‘⁴
528 1703 570 1727 Ad
588 1703 688 1726 feroces
708 1701 837 1725 hominum
857 1699 955 1723 animos
976 1706 992 1722 a

323 1749 416 1773 mutuis
429 1747 541 1771 caedibus
553 1745 709 1769 coercendos
724 1744 782 1775 lege
795 1746 912 1767 sanctum
925 1745 990 1771 erat,

323 1790 461 1817 utfamilia,
475 1797 506 1812 cx
519 1796 569 1819 qua
576 1786 704 1810 homicida
716 1785 757 1809 vel
774 1785 909 1808 mutilator
919 1786 991 1807 ortus

322 1837 386 1860 erat.
397 1833 474 1863 juxta
485 1838 618 1854 numerum
630 1836 797 1860 personarum
809 1835 839 1851 ac
851 1826 992 1851 facultates

323 1879 349 1900 et.
372 1875 457 1899 damni
480 1873 546 1896 illati
569 1879 724 1899 mensuram,
747 1870 862 1894 solveret
888 1868 992 1892 familiae

323 1918 441 1942 damnum
455 1923 546 1947 passae.
567 1915 655 1945 ejusve
672 1911 786 1943 Principi
802 1914 901 1935 certam
913 1909 992 1933 mulc-

323 1965 386 1987 tam,
399 1966 474 1990 quam
487 1957 565 1987 vulgo
578 1958 672 1979 vocant
684 1954 771 1982 Eruic,
790 1956 817 1977 et
835 1952 916 1976 latine
934 1959 992 1975 san-

324 2001 467 2033 guinariam
479 1999 635 2030 pensionem,
650 1997 688 2020 vel
704 1996 827 2019 mulctam
839 1993 993 2018 dixerisl’-

325 2041 474 2069 O’Donnell,
486 2041 520 2063 iii.
536 2040 635 2069 10(Tr.
647 2038 695 2062 Th.
708 2046 733 2069 p.
747 2045 795 2068 432
806 2037 841 2067 b).
879 2036 925 2060 See
938 2035 993 2059 also

325 2085 488 2114 Vallancey‘s
501 2082 675 2107 Collectanea,
688 2080 736 2103 vol,
749 2080 764 2103 i.
777 2088 801 2111 p.
816 2087 870 2110 392.

355 2134 372 2144 ¹¹¹
388 2126 476 2157 Campi
488 2124 645 2155 Lunye.—1n
658 2123 751 2146 Ethica
768 2126 847 2150 terra,
864 2128 893 2145 or
907 2120 992 2144 Tiree.

326 2171 372 2194 See
385 2173 444 2192 note
454 2169 467 2196 f,
479 2167 493 2190 i.
510 2174 539 2196 30
551 2167 586 2197 (p.
599 2165 643 2196 59)
656 2173 739 2196 supra.

1042 1488 1098 1512 Life
1110 1488 1139 1511 ot*
1149 1488 1187 1512 St.
1199 1487 1348 1514 Winwaloe,
1361 1486 1430 1510 cited
1443 1486 1476 1517 by
1487 1486 1528 1509 Du
1538 1485 1641 1517 Gange:

1101 1553 1112 1561 ί*
1119 1552 1236 1575 Ancipitem
1244 1552 1326 1575 fug-iens
1334 1551 1385 1569 duro
1394 1555 1442 1569 cum
1451 1550 1512 1569 dente
1521 1551 1644 1568 maceram.''

1043 1607 1099 1630 The
1115 1607 1217 1630 charms
1229 1606 1258 1630 os
1268 1606 1311 1629 the
1324 1605 1411 1630 Greek
1422 1604 1551 1636 Ianguage
1563 1603 1614 1627 had
1626 1603 1712 1635 begun

1041 1652 1069 1672 to
1080 1649 1139 1680 give
1149 1652 1177 1672 to
1188 1651 1297 1672 western
1310 1646 1484 1671 ecclesiastices
1496 1654 1512 1669 a
1520 1645 1642 1677 pedantic
1651 1648 1713 1668 turn

1042 1691 1122 1715 about
1139 1691 1190 1715 this
1207 1691 1276 1719 time,
1291 1690 1374 1713 which
1387 1697 1439 1713 was
1458 1688 1559 1712 carried
1571 1691 1599 1712 to
1617 1696 1632 1711 a
1648 1687 1712 1711 ludi-

1041 1743 1116 1759 crous
1134 1742 1223 1758 excess
1241 1734 1267 1757 in
1289 1733 1427 1757 Aldhelm's
1447 1732 1527 1756 letter
1547 1735 1575 1755 to
1595 1731 1711 1760 Eahfrid,

1043 1778 1087 1802 cir.
1099 1777 1154 1808 690.
1174 1776 1292 1808 (Ussher,
1304 1775 1365 1807 Syll.
1375 1775 1441 1807 xiii.)
1478 1774 1534 1798 The
1544 1773 1611 1796 Irish
1622 1773 1713 1804 hymns

1042 1820 1068 1843 in
1077 1820 1120 1843 the
1131 1818 1313 1850 Antiphonary
1326 1817 1354 1841 of
1363 1817 1478 1848 Bangor‚
1491 1815 1572 1839 which
1586 1823 1630 1839 are
1642 1815 1670 1839 of
1679 1823 1713 1839 an

1044 1862 1137 1886 earlier
1156 1861 1225 1888 date,
1245 1861 1312 1884 have
1330 1859 1451 1883 “Audite
1468 1861 1560 1890 pantes
1578 1861 1607 1881 ta
1625 1858 1714 1889 erga,'’

1044 1906 1164 1937 “agius,'’
1180 1904 1316 1936 “prot'us,”
1333 1903 1443 1931 “cako,''
1459 1904 1474 1915 ‘⁶
1485 1902 1550 1925 zoe.’v
1576 1901 1606 1924 In
1616 1900 1713 1924 Adam-

1043 1956 1093 1972 nan
1112 1955 1149 1971 we
1170 1947 1222 1970 find
1234 1945 1327 1978 sophia,
1347 1944 1430 1971 limus,
1447 1948 1543 1975 protus,
1563 1942 1710 1968 omonimum,

1043 1990 1163 2017 machera,
1178 1991 1221 2013 διο.
1258 1988 1314 2012 The
1327 1994 1397 2011 same
1413 1985 1479 2018 style
1491 1985 1512 2008 is
1525 1983 1677 2008 observable
1688 1983 1715 2006 in

1042 2034 1172 2058 ,lohannes
1187 2032 1288 2058 Scotus,
1304 2029 1355 2054 and
1369 2036 1433 2053 even
1445 2029 1472 2052 in
1484 2028 1528 2051 the
1540 2026 1607 2051 Irish
1624 2026 1711 2050 school

1044 2079 1072 2099 at
1080 2076 1116 2099 St.
1123 2074 1182 2098 Gall
1192 2073 1312 2104 (Ussher,
1321 2071 1382 2103 Syll.
1391 2070 1451 2094 xxii.
1463 2069 1531 2093 xxiii.
1540 2078 1547 2096 ;
1561 2068 1647 2095 Pertz,
1657 2067 1713 2091 Mo-

1043 2119 1156 2141 nument.
1171 2115 1219 2139 vol.
1232 2115 1258 2138 ii.
1272 2122 1296 2146 p.
1306 2115 1360 2145 55).
1395 2113 1420 2136 It
1431 2112 1494 2143 kept
1506 2111 1540 2134 its
1552 2110 1613 2134 hold
1624 2117 1657 2133 on
1668 2110 1713 2134 ha-

1044 2159 1149 2191 giology
1162 2161 1190 2181 to
1207 2165 1223 2181 a
1238 2155 1312 2180 much
1327 2155 1395 2179 later
1411 2153 1479 2177 date.
1515 2152 1588 2176 'rhus
1599 2152 1643 2176 the
1657 2151 1713 2175 Life
