1914 2518
325 176 371 210 54
814 162 895 200 Vita
913 163 1035 201 Sancti
1056 163 1227 201 Columbae

1602 175 1676 214 [Lm.
1694 185 1712 204 1.

322 262 534 299 intervallum,
557 261 598 293 ad
616 260 755 303 aliquam
770 272 963 304 consurgens
981 263 1013 294 in
1029 263 1218 295 monasterio
1233 262 1506 301 ministrationem,
1532 263 1619 295 verbi
1635 264 1713 295 obli-

323 320 375 346 tus
400 315 485 346 beati
511 314 580 351 viri,
608 314 745 352 libellus,
769 326 865 356 quem
891 316 949 346 sub
976 316 1114 347 ²ascella0
1145 316 1359 358 negligentius
1386 316 1525 354 inclusit,
1549 316 1654 348 subito
1680 316 1712 347 in

323 367 483 410 ³hydriam
498 379 581 409 aqua
595 367 752 409 repletum
768 367 891 400 cecidit.

588 505 647 531 1ΒΕ
673 511 869 532 CORNICULO
894 511 1094 533 ATRAMENTI
1120 512 1287 533 INANITER
1312 512 1454 533 DEFUSO.

386 582 480 613 ALIA
495 582 579 614 inter
593 583 659 615 haee
674 583 725 615 die
741 584 826 615 ultra
839 584 957 616 fretum
975 584 1078 616 ²Iouae
1093 585 1203 616 insulae
1219 585 1387 617 clamatum
1404 584 1479 616 estd:
1504 596 1598 627 quem
1618 584 1714 617 Sanc-

322 640 374 665 tus
395 635 506 666 sedens
526 634 560 665 in
580 635 771 677 ³tuguriolo²
790 636 908 668 tabulis
927 637 1058 668 suffulto
1076 637 1207 669 audiens
1226 638 1394 670 clamorem
1419 637 1506 674 dicit,
1532 637 1640 668 Homo
1659 638 1714 678 qui

322 689 406 720 ultra
421 688 562 720 clamitat
577 688 694 720 fretum
710 701 773 720 non
790 694 838 721 est
853 689 979 721 subtilis
995 701 1115 727 sensus,
1141 701 1214 721 nam
1230 690 1323 721 hodie
1339 690 1401 721 mei
1421 689 1615 721 corniculum
1632 695 1714 721 atra-

321 742 419 773 menti
435 741 588 773 inolinans
604 742 756 774 effundet.

802 742 899 783 Quod
915 743 1046 774 verbum
1063 743 1132 785 ejus
1154 743 1349 774 ministrator
1364 742 1553 774 Diormitius
1574 743 1714 779 audiens,

321 795 480 836 paulisper
494 800 567 826 ante
576 795 709 836 januam
725 800 822 832 stans,
839 798 984 837 *gravem
1000 796 1188 836 expectabat
1203 799 1484 836 ⁵superventurum
1496 794 1663 836 hospitem,
1677 800 1715 826 ut

321 848 515 879 corniculum
534 848 729 880 defenderet.

778 847 841 880 Sed
862 848 922 879 alia
942 859 1016 879 mox
1036 848 1171 880 faciente
1192 859 1295 886 causa,
1320 848 1394 879 inde
1417 847 1563 884 recessim
1588 852 1620 879 et
1642 853 1715 889 post

321 902 388 941 ejus
403 912 560 933 recessum
575 901 689 943 hospes
704 901 857 932 molestus
874 901 1067 943 supervenit,
1089 901 1306 943 Sanotumque
1322 901 1528 933 osculandum
1550 906 1712 942 appetens,

321 965 373 985 ora
388 954 570 986 vestimenti
585 953 772 985 inclinatum
787 953 900 985 effudit
915 954 1084 985 atramenti
1099 953 1314 985 oorniculums.

408 1091 469 1117 'DE
495 1096 662 1117 ALICUJUS
686 1096 846 1117 ADVENTU
872 1097 1026 1118 HOSPITIS
1051 1097 1150 1122 QUEM
1174 1097 1324 1118 SANCTUS
1348 1097 1625 1117 PRAENUNTIAVIT.

384 1161 479 1191 Amo
500 1160 611 1192 itidem
626 1165 768 1202 tempore
787 1160 922 1192 Sanctus
945 1161 1011 1192 2die
1027 1160 1129 1192 tertiae
1144 1160 1243 1192 feriaess
1263 1159 1413 1191 fratribus
1429 1160 1473 1191 sic
1490 1160 1631 1201 profatus
1653 1166 1711 1197 est,

321 1214 467 1246 Crastina
483 1219 596 1256 quarta
610 1214 687 1245 seria
698 1214 843 1255 jejunare
859 1213 1089 1255 proponimush,
1115 1213 1169 1245 sed
1185 1217 1300 1249 tamen,
1318 1212 1559 1254 superveniente
1575 1212 1712 1253 quodam

368 1310 377 1324 ²
388 1307 462 1330 axilla
473 1307 533 1329 Bon.

371 1351 376 1365 ¹
388 1349 513 1378 capitulum
526 1351 598 1370 totum
610 1357 652 1371 om.
666 1349 692 1371 C.
705 1349 734 1370 D.
748 1348 773 1370 F.
787 1348 810 1371 S.
845 1348 925 1370 titulus
937 1349 999 1370 deest
1012 1348 1035 1370 z‘n
1048 1347 1107 1370 Bou.

318 1382 373 1403 riola
386 1382 413 1403 B.
480 1383 488 1395 ⁴
500 1388 626 1411 gravamen
638 1381 665 1402 Β.
699 1382 709 1396 ⁵
721 1387 788 1409 super
799 1384 924 1403 ventui-mn
936 1381 963 1402 B.

606 1308 615 1321 ³
627 1307 718 1336 ydriam
727 1307 756 1329 A.
771 1310 793 1329 et
804 1307 1009 1335 capitulationibus
1020 1314 1042 1335 p.
1059 1313 1087 1328 10
1098 1313 1170 1335 supra
1180 1313 1188 1330 ;
1207 1306 1292 1328 fossam
1306 1305 1334 1328 B.

1175 1349 1184 1364 2
1195 1347 1223 1369 A.
1259 1347 1310 1369 ione
1322 1346 1350 1368 B.
1416 1346 1425 1359 ³
1438 1345 1548 1375 tegoriolo
1566 1346 1594 1368 A.
1631 1350 1711 1375 tugur-

369 1426 374 1440 ¹
388 1424 514 1453 capitulum
526 1426 597 1446 totum
610 1431 652 1445 om.
666 1423 691 1446 C.
707 1423 736 1445 D.
750 1423 776 1445 F.
790 1423 813 1446 S.
849 1423 940 1445 titulum
952 1431 994 1445 om.
1008 1423 1069 1445 Boll.
1102 1423 1112 1436 ‘²
1124 1431 1166 1445 om.
1181 1422 1247 1451 Colg.
1261 1421 1321 1444 Bou.

352 1510 359 1517 ¹*
375 1506 420 1527 Sub
431 1504 633 1528 ascella—Thai:
646 1504 675 1533 is,
686 1505 727 1527 sub
744 1505 828 1528 axilla.
864 1504 911 1528 See
929 1504 953 1527 ii.
968 1505 988 1532 8,

319 1547 393 1578 infra,
406 1546 489 1569 where
508 1546 576 1570 “sub
589 1546 700 1570 aseella”
712 1546 734 1570 is
747 1546 882 1578 explained
899 1548 913 1560 ‘⁶
922 1547 990 1570 inter

319 1587 450 1611 brachium
463 1590 489 1610 et
501 1587 595 1611 1atus.”

357 1632 360 1645 1
377 1631 508 1653 clamatum
524 1629 635 1653 est-So
651 1628 666 1652 i.
688 1629 723 1658 26,
744 1636 782 1659 27,
802 1637 840 1660 32,
860 1636 898 1659 43,
912 1629 987 1661 infra.

319 1673 347 1695 ln
361 1672 425 1696 calm
439 1672 552 1696 weather
569 1680 585 1695 a
603 1675 695 1703 strong
707 1672 779 1695 voice
796 1679 854 1703 may
866 1671 897 1695 be
909 1671 989 1694 heard

318 1722 406 1738 across
427 1714 471 1738 the
491 1714 576 1742 strait,
596 1713 678 1737 which
695 1714 716 1737 is
733 1714 812 1737 about
830 1721 863 1737 an
881 1713 989 1745 English

319 1757 377 1780 mile
386 1756 457 1779 wide.
483 1756 539 1780 The
548 1756 606 1787 only
615 1755 697 1783 mode,
706 1756 831 1785 however,
843 1763 900 1779 now
909 1756 935 1779 in
944 1763 989 1780 use

320 1798 478 1829 ofmakinga
486 1798 569 1830 signal
580 1798 620 1821 sor
629 1806 644 1821 a
651 1798 714 1821 boat
721 1798 742 1821 is
753 1801 780 1821 to
788 1798 855 1821 raise
866 1806 881 1821 a
890 1797 986 1826 smoke,

319 1840 351 1871 by
364 1840 475 1871 burning
487 1848 503 1863 a
520 1840 614 1863 bundle
630 1839 659 1863 os
668 1840 788 1863 heather:
808 1840 858 1863 and
879 1848 907 1864 as
925 1840 988 1864 each

319 1889 404 1905 owner
417 1882 445 1905 of
454 1890 469 1905 a
481 1882 543 1905 boat
552 1882 598 1905 has
609 1890 624 1905 a
635 1881 778 1913 particular
791 1881 874 1913 signal
887 1885 954 1914 spot,
967 1882 988 1906 it

318 1925 339 1947 is
352 1917 380 1948 at
393 1931 455 1947 once
467 1923 560 1947 known
572 1932 603 1947 on
619 1924 663 1947 the
677 1924 761 1948 island
773 1924 859 1948 whose
876 1924 988 1948 services

319 1973 363 1988 are
374 1965 501 1996 required.

350 2013 359 2021 ⁹
376 2007 606 2037 Tuyuriola-This
625 2007 671 2031 hut
688 2015 741 2031 was
759 2010 772 2020 ¹¹
780 2007 806 2031 in
821 2007 988 2031 eminentiore

318 2049 374 2072 loco
391 2048 559 2072 fabricatuns‘
578 2049 623 2079 (iii.
645 2057 681 2078 22,
693 2050 788 2081 insra);
806 2049 855 2073 and
874 2057 926 2073 was
944 2050 988 2074 the

318 2091 390 2122 place
403 2091 486 2115 where
499 2091 543 2114 the
555 2091 623 2115 saint
636 2099 688 2115 was
700 2092 727 2115 in
739 2092 782 2115 the
796 2092 868 2116 habit
880 2092 909 2116 of
919 2093 987 2116 writ-

318 2135 362 2165 ing
374 2134 401 2164 (i.
416 2141 453 2164 35,
467 2134 492 2156 iii
507 2134 544 2161 16,
558 2133 592 2157 iii.
609 2141 644 2164 15,
658 2134 743 2164 infra).

1076 1502 1526 1534 fCorniculum.-Representations
1556 1502 1585 1526 of
1609 1502 1711 1526 ancient

1040 1546 1163 1569 ink-horns
1181 1552 1225 1568 are
1237 1548 1264 1568 to
1276 1544 1307 1568 be
1320 1552 1379 1568 seen
1391 1544 1417 1567 in
1429 1544 1472 1567 the
1485 1544 1668 1568 illuminations
1687 1545 1715 1568 of

1041 1596 1110 1611 some
1132 1587 1312 1619 manuscripts.
1349 1587 1396 1611 See
1420 1586 1529 1610 Keller's
1556 1588 1638 1610 Bilder
1664 1589 1714 1610 und

1043 1630 1190 1662 Schriftziiqe
1206 1632 1230 1653 in
1249 1631 1291 1654 den
1308 1631 1408 1653 irlschen
1427 1631 1611 1660 Manuscm'ptm,
1633 1638 1657 1661 p,
1671 1638 1709 1663 92,

1039 1673 1110 1705 plate
1123 1673 1163 1696 vii.
1179 1673 1294 1703 (Zurich,
1311 1672 1393 1702 1851.)

1071 1720 1083 1736 ε
1100 1716 1182 1738 Tertioe
1188 1714 1371 1746 seriae.—That
1382 1714 1412 1743 is,
1426 1713 1555 1745 Tuesday.

1071 1758 1083 1773 1¹
1095 1758 1206 1787 Jejunare
1230 1755 1548 1787 proponimus.—“Quarta
1576 1755 1654 1779 etiam
1684 1759 1711 1779 et

1040 1802 1115 1823 sexta
1130 1799 1195 1822 feria
1213 1803 1240 1822 et
1257 1798 1374 1826 sabbato,
1397 1797 1547 1829 frequenter
1570 1798 1711 1822 Romanam

1038 1841 1138 1872 plebem
1155 1841 1235 1872 ipsius
1252 1844 1368 1872 tempore
1382 1840 1551 1872 jejunavisse,
1576 1840 1712 1864 confirmat

1040 1883 1201 1915 Augustinus
1221 1883 1248 1906 in
1268 1883 1306 1913 36.
1324 1883 1399 1914 epist.
1420 1882 1453 1906 ad
1472 1882 1636 1906 Casulanum.
1674 1882 1711 1906 Ut

1038 1925 1097 1949 inde
1114 1925 1193 1949 ritum
1209 1925 1275 1949 hunc
1293 1933 1309 1949 a
1321 1924 1436 1948 Patricio
1451 1925 1476 1948 in
1489 1924 1638 1948 Hiberniam
1656 1928 1709 1948 tra-

1039 1968 1144 1991 ductum
1166 1967 1246 1990 fuisse
1266 1967 1312 1990 fiat
1331 1966 1707 1993 verisimillimum.‘’-Ussher,

1039 2009 1105 2033 Brit.
1125 2009 1194 2033 Eccl.
1213 2010 1275 2033 Ant.
1288 2017 1309 2032 c.
1326 2016 1360 2038 ¹7·
1385 2008 1471 2040 (Wks.
1486 2008 1517 2031 vi.
1530 2016 1553 2039 p.
1566 2009 1634 2039 444)
1669 2009 1707 2032 St.

1040 2051 1192 2083 Augustin's
1205 2051 1289 2074 words
1307 2058 1366 2074 are:
1387 2050 1462 2074 “Cur
1477 2052 1562 2073 autem
1575 2053 1671 2081 quarta
1683 2054 1709 2073 et

1039 2097 1114 2118 sexta
1130 2093 1347 2124 maximejejunet
1364 2092 1496 2120 ecclesia‚’'
1513 2092 1556 2114 &cn
1587 2091 1666 2123 (Opp.
1681 2092 1706 2115 ii.

1039 2143 1062 2166 p.
1079 2136 1121 2165 148
1136 2135 1170 2166 b.)
1204 2135 1297 2164 AEdan,
1311 2135 1369 2158 vvho
1381 2134 1493 2165 brought
1505 2136 1532 2157 to
1546 2133 1708 2158 Lindisfarne
