1914 2518
330 200 372 223 20
816 189 896 226 Vita
913 189 1036 227 Sancti
1057 189 1231 227 Columbae
1606 201 1678 237 [us.
1696 210 1712 229 1.

325 286 510 329 enavigabo,
537 293 569 318 et
589 287 615 318 si
630 299 680 319 me
705 288 887 329 susceperit,
909 288 1013 330 ipsum
1037 290 1184 321 abbatem
1199 289 1332 321 habebo.
1378 288 1464 320 Tum
1479 288 1593 320 deinde
1619 300 1713 331 supra

325 344 532 370 memoratum
548 339 714 371 ²⁷Columb
730 340 900 378 osculatus,
917 346 950 372 et
965 345 986 360 ²⁸
993 341 1021 372 ei
1037 341 1223 379 valedicens,
1247 341 1481 385 navigationem
1498 347 1662 382 praeparat,
1680 348 1713 373 et

324 391 389 423 sine
410 391 531 423 morula
551 392 615 422 ulla
630 392 881 434 transnavigans,
908 392 1048 424 ²⁹Iouam
1068 394 1197 425 devenit
1217 394 1361 425 insulam.
1406 393 1452 424 Et.
1467 394 1613 430 necdum,
1626 394 1659 424 in
1679 394 1712 424 id

325 444 474 485 temporis
490 456 601 485 usque,
617 456 731 476 nomen
747 445 815 486 ejus
831 446 862 476 in
878 446 926 477 his
942 446 1018 477 loeis
1035 452 1102 478 erat
1118 452 1240 478 notum.
1286 447 1382 479 Unde
1398 452 1430 478 et
1450 446 1603 488 imprimis
1623 447 1712 488 quasi

323 497 452 538 quidam
466 496 596 538 ignotus
611 497 724 538 hospes
739 497 937 538 hospitaliter
952 502 1155 539 ³⁰susoeptus,
1171 498 1231 529 alia
1243 498 1294 530 die
1309 503 1329 518 ³¹
1337 498 1487 530 nuncium
1499 499 1539 529 ad
1555 498 1712 529 ³²Baithe-

323 562 418 582 neum
434 551 543 588 mittit,
571 551 638 592 ejus
661 551 883 582 allocutionem
899 550 978 582 faeie
1001 551 1042 582 ad
1057 551 1170 582 faciem
1184 551 1299 583 habere
1315 552 1434 583 volens.
1481 551 1557 592 Qui,
1584 557 1621 582 ut
1645 557 1712 583 erat

322 602 464 640 affabilis,
487 609 519 634 et
540 603 712 645 peregrinis
731 603 921 645 appetibilis,
942 604 1036 644 jubet
1049 604 1090 635 ad
1105 615 1138 635 se
1157 604 1282 636 adduci.
1328 604 1394 644 Qui
1409 604 1517 635 statim
1541 604 1709 641 adductus,

322 656 433 697 primo,
460 662 496 687 ut
512 657 753 692 33conveniebat,
770 656 859 687 flexis
877 656 1012 698 genibus
1028 656 1060 688 in
1085 660 1195 688 ³⁴terra
1219 668 1251 688 se
1272 657 1460 698 prostravit3
1484 657 1678 698 ”jussusque
1693 669 1711 687 a

321 715 429 740 sancto
445 709 575 746 seniore,
600 710 713 751 surgit,
731 715 763 740 et
778 710 918 741 residens
933 710 1148 751 interrogatur
1162 722 1181 741 a
1196 710 1410 747 ³⁶Baithene0,
1427 710 1536 741 adhuc>
1545 710 1652 747 inscio,
1671 710 1711 741 de

321 768 416 803 gente
433 768 465 793 et
480 763 650 804 provincia,
669 763 860 804 nomineque
876 768 908 794 et
923 763 1171 800 conversatione,
1193 769 1225 794 et
1240 774 1297 805 pro
1313 775 1376 804 qua
1395 774 1488 794 causa
1502 763 1607 794 inierit
1623 763 1712 794 navi-

320 816 456 857 gationis
480 816 629 848 laborem.
684 817 761 857 Qui,
790 817 834 848 ita
859 817 1084 859 interrogatus,
1116 817 1221 848 omnia
1245 828 1301 858 per
1326 816 1468 847 ordinem
1491 827 1648 852 enarrans,
1674 823 1711 846 ut

320 867 531 908 susciperetur
546 867 708 898 humiliter
724 868 915 909 expostulat.
961 868 1025 900 Cui
1041 873 1168 900 sanctus
1189 868 1301 905 senior,
1322 868 1372 899 his
1388 869 1426 900 ab
1443 868 1567 910 hospite
1583 868 1709 905 auditis,

319 919 476 961 simulque
496 920 582 951 hunc
606 931 672 951 esse
689 920 793 951 virum
809 932 1001 963 cognoscens
1017 922 1057 953 de
1080 933 1144 963 quo
1164 922 1286 964 pridem
1311 921 1480 962 aliquando
1505 926 1630 952 sanctus
1647 921 1711 953 Co—

320 972 426 1003 lumba
441 972 624 1013 prophetice
644 972 834 1004 vaticinatus
855 978 913 1010 est,
937 973 1074 1011 Gratias,
1103 974 1158 1011 ait,
1182 973 1253 1005 Deo
1268 985 1338 1005 meo
1358 985 1450 1015 agere
1466 974 1566 1005 debeo
1582 974 1709 1015 quidem

320 1024 352 1054 in
374 1030 429 1055 tuo
444 1025 594 1061 adventu,
613 1025 676 1061 fili;
701 1026 756 1056 sed
780 1026 867 1057 ³³hoc
882 1026 1100 1058 indubitanter
1123 1027 1204 1060 scito
1223 1027 1308 1068 quod
1323 1032 1430 1058 noster
1451 1026 1622 1057 monachus
1646 1037 1709 1057 non

321 1077 391 1108 eris.
438 1077 510 1108 Hoc
533 1077 663 1109 audiens
684 1077 834 1119 ³⁵hospes,
855 1078 946 1109 valde
962 1078 1176 1116 contristatus,
1194 1078 1282 1110 infit:
1308 1078 1455 1110 Forsitan
1476 1090 1535 1120 ego
1559 1078 1710 1120 indignus

320 1134 394 1160 tuus
410 1140 473 1160 non
489 1140 610 1160 mereor
630 1128 697 1160 fieri
711 1129 892 1160 monachus.
942 1129 1053 1161 Senior
1068 1136 1296 1172 consequenter
1311 1131 1416 1172 inquit
1430 1142 1437 1161 :
1462 1131 1495 1161 N
1499 1143 1538 1161 on
1554 1131 1650 1172 quod,
1672 1138 1709 1162 ut

319 1181 406 1218 dicis,
431 1181 581 1223 indignus
601 1193 684 1213 esses
700 1181 760 1213 hoc
775 1182 862 1218 djxi3
886 1182 941 1213 sed
957 1183 1102 1223 quamvis
1126 1184 1305 1215 maluissem
1330 1189 1362 1215 te
1387 1184 1471 1225 apud
1492 1195 1542 1215 me
1562 1183 1707 1221 retinere,

319 1235 502 1266 mandatum
518 1240 624 1266 tamen
640 1235 740 1266 sancti
753 1234 918 1267 Columba}
934 1235 996 1267 mei
1012 1236 1209 1267 ³⁹decess0ris
1224 1237 1389 1278 profanare
1404 1248 1466 1267 non
1482 1248 1608 1278 possum
1623 1248 1630 1273 3
1654 1248 1710 1278 per

319 1298 413 1327 quem
433 1286 569 1328 Spiritus
585 1286 721 1318 Sanctus
738 1287 776 1318 de
792 1292 824 1318 te
840 1287 1053 1328 prophetavit.
1098 1291 1119 1306 ⁴⁰
1126 1288 1204 1318 Alia
1220 1292 1237 1307 ⁴¹
1247 1299 1382 1329 namque
1398 1288 1448 1319 die
1465 1288 1541 1319 mihi
1554 1288 1611 1319 soli
1628 1299 1711 1319 seor-

319 1340 387 1377 sim,
406 1339 449 1371 sic
460 1340 644 1381 prophetico
655 1340 796 1381 profatus
813 1351 876 1377 ore,
890 1340 1109 1382 iuter{caete1·a‚
1126 1341 1207 1372 dixit
1222 1353 1229 1372 :
1255 1341 1335 1372 Haec
1350 1353 1429 1377 mea,
1449 1341 1479 1372 O
1495 1341 1707 1378 ⁴²Baithenee‚

318 1393 471 1424 intentius
487 1394 582 1424 debes
598 1393 706 1425 audire
722 1395 818 1425 verba
831 1405 838 1430 3
862 1394 970 1425 statim
980 1388 1121 1435 ¹namque
1137 1400 1209 1435 post
1225 1406 1330 1425 meum
1347 1395 1385 1425 de
1406 1394 1465 1426 hoc
1486 1394 1526 1425 ad
1543 1394 1709 1426 Christum

318 1446 431 1477 saeculo
447 1452 649 1487 expectatum
672 1452 704 1478 et
726 1447 817 1478 valde
835 1447 1047 1478 desideratum
1069 1447 1248 1484 transitum,
1269 1448 1398 1488 quidam
1417 1448 1457 1478 de
1475 1447 1581 1479 Scotia
1601 1447 1708 1484 frater.

319 1498 372 1539 qui
386 1510 478 1535 nunc,
493 1500 572 1530 bene
580 1499 756 1540 juvenilem
769 1500 859 1531 bouis
870 1500 1009 1531 moribus
1024 1504 1164 1542 4³regens
1177 1506 1312 1538 aetatem,
1328 1512 1421 1531 sacrae
1436 1500 1579 1531 lectionis
1595 1500 1709 1531 studiis

318 1551 391 1581 satis
413 1551 603 1589 ⁴³imbuitur,
626 1553 752 1584 nomine
776 1552 942 1591 Fiutenus,
969 1557 1092 1595 4⁵gente
1115 1553 1321 1590 Mocumoieg,
1342 1553 1434 1594 cujus
1456 1559 1546 1594 pater
1562 1553 1709 1584 Tailcha-

318 1604 391 1634 nush
408 1604 575 1640 vocitatur,
593 1604 632 1635 ad
648 1610 691 1641 te,
704 1604 843 1645 inquam,
854 1605 1052 1646 perveniens,
1064 1605 1226 1636 humiliter
1241 1605 1454 1647 expostulabit
1470 1611 1507 1635 ut
1522 1604 1625 1646 ipsum
1642 1616 1709 1636 sus—

367 1706 384 1721 ²7
397 1706 529 1728 columbum
542 1707 570 1728 A.
584 1706 610 1729 C.
624 1706 646 1729 S.
704 1707 723 1722 Ἠ
735 1715 777 1729 om.
791 1706 817 1729 C.
868 1708 887 1723 ‘2³
900 1707 926 1729 A.
942 1707 967 1729 C.
982 1707 1007 1730 F.
1021 1707 1044 1729 S.
1095 1708 1116 1723 ³0
1128 1710 1246 1735 susceptus
1258 1710 1291 1729 est
1304 1707 1368 1736 Colg.
1381 1707 1442 1729 Bon.
1507 1708 1526 1724 31
1538 1707 1706 1729 internuncium

319 1737 344 1760 C.
355 1738 380 1759 F.
391 1738 413 1760 S.
488 1739 507 1752 ³⁹
521 1739 671 1761 battheneum
685 1738 710 1761 C.
726 1739 748 1761 F.
791 1739 927 1761 baithenum
940 1739 965 1761 S.
1032 1740 1051 1753 ³³
1063 1739 1170 1762 veniebat
1182 1739 1208 1762 C.
1274 1740 1293 1755 3³
1306 1743 1389 1761 terram
1402 1739 1427 1762 C.
1442 1740 1465 1761 F.
1479 1739 1502 1761 S.
1568 1740 1587 1753 ³⁵
1599 1740 1662 1761 visus
1680 1741 1706 1762 C.

320 1770 336 1784 ³³
349 1770 471 1792 battheneo
484 1770 509 1792 C.
582 1772 601 1785 ³7
612 1774 633 1793 et
645 1771 688 1792 hoc
701 1771 728 1793 C.
795 1771 815 1785 ’Β
826 1779 868 1793 om.
882 1772 908 1794 C.
974 1771 993 1786 ³⁹
1006 1771 1129 1794 defensoris
1141 1771 1167 1794 C.
1236 1772 1256 1787 *ὓ
1270 1771 1347 1800 aliqua
1359 1772 1384 1794 F.
1419 1771 1510 1799 aliaque
1520 1771 1546 1794 C.
1598 1773 1615 1787 Η
1624 1778 1666 1793 om.
1681 1771 1708 1793 C.

319 1803 336 1817 Ω
349 1803 471 1824 batthenee
484 1803 509 1825 C.
575 1804 594 1819 ⁴³
607 1810 678 1832 agens
689 1803 716 1826 C.
782 1804 801 1819 4⁴
813 1803 916 1825 imbutus
928 1803 954 1826 C.
1022 1805 1041 1817 ⁴³
1052 1804 1084 1826 ad
1095 1804 1212 1826 vocitatur
1224 1811 1268 1826 om.
1283 1803 1310 1826 C.
1322 1804 1347 1826 F.
1358 1804 1382 1826 S.

351 1899 361 1914 ζ
374 1893 664 1924 Mocunzoie.—C01gan
699 1902 822 1926 proposes
853 1894 987 1918 Blae-Ua·
1037 1894 1137 1918 nomine
1156 1894 1252 1917 Munnu
1271 1894 1302 1917 de
1320 1893 1390 1917 claro
1407 1901 1500 1924 genere
1519 1893 1664 1924 Hyberniae.
1681 1893 1708 1916 id

318 1934 412 1961 Aluine.
432 1943 459 1958 as
474 1936 587 1959 Fintan's
605 1937 705 1960 mother
722 1944 773 1960 was
790 1937 818 1960 of
827 1937 869 1960 the
886 1944 945 1960 race
962 1936 992 1960 of
1038 1940 1086 1964 est,
1101 1936 1132 1959 de
1145 1936 1287 1967 Nepotibus
1301 1935 1376 1959 Neill.
1413 1935 1492 1958 Pater
1501 1935 1555 1966 ejus
1567 1934 1708 1958 vocabatur

319 1976 419 2000 Maiae:
439 1977 484 2000 but
498 1986 534 2000 we
546 1978 598 2001 find
619 1978 775 2002 ‹Laisranus
788 1978 942 2002 Mocumoie'
961 1982 988 2002 at
1041 1978 1198 2005 Tulehanus,
1221 1977 1263 2009 qui
1286 1977 1318 2001 de
1336 1977 1430 2000 semine
1454 1977 1553 2001 Conalli
1572 1976 1617 1999 filii
1641 1976 1707 2000 Neill

318 2027 373 2050 cap.
390 2020 416 2042 18
430 2020 472 2049 ίιςίῖ
493 2020 515 2043 It
528 2020 549 2043 is
561 2020 687 2052 probably
701 2029 715 2044 a
728 2020 785 2044 elan
797 2028 871 2044 name
884 2020 988 2044 derived
1039 2024 1111 2045 ortus
1130 2020 1185 2043 suit.
1222 2020 1307 2043 Mater
1319 2019 1403 2042 sancti
1416 2019 1513 2042 Munuu
1529 2018 1708 2042 nominabatur

317 2061 384 2084 from
395 2061 478 2089 Maan,
489 2069 503 2084 a
514 2062 664 2093 progenitor
676 2062 704 2085 of
712 2063 736 2085 S.
746 2062 847 2085 Fintan.
869 2063 915 2086 See
927 2066 988 2086 next
1040 2061 1158 2092 Fedelyn.
1172 2069 1228 2092 quae
1241 2060 1271 2084 de
1283 2060 1371 2083 eadem
1383 2064 1460 2091 gente
1474 2064 1536 2083 nata
1554 2063 1602 2086 est,
1622 2059 1647 2082 id
1660 2064 1707 2088 est,

317 2106 386 2125 note.
1038 2102 1069 2125 de
1082 2103 1176 2126 semine
1190 2102 1268 2125 Manii
1281 2101 1325 2124 filii
1339 2101 1517 2125 Neill.''—Vit.
1532 2108 1588 2132 cap.
1601 2101 1616 2124 i.
1632 2101 1707 2131 (eod.

350 2145 360 2159 ¹¹
378 2143 583 2167 Tailchanus.-“
594 2144 652 2168 Fuit
677 2144 715 2167 vir
745 2145 804 2168 vitae
834 2144 986 2169 venerabilis
1039 2145 1135 2168 Marsh.
1154 2144 1196 2168 fol.
1220 2152 1261 2174 1²7
1280 2153 1295 2167 α
1307 2144 1336 2170 b;
1355 2144 1428 2176 Colg.
1450 2145 1480 2168 A.
1502 2144 1547 2168 SS.
1566 2151 1599 2175 pp
1624 2151 1670 2174 452
1684 2154 1706 2170 α,
