1914 2518
188 205 248 224 CAP.
267 198 311 231 28,
330 195 392 234 29.]
735 188 886 226 Auctore
903 189 1126 227 Adammmo.
1515 207 1579 242 143

244 339 302 366 1DE
321 345 477 366 PUGIONE
495 346 514 366 A
531 345 659 367 SANCTO
678 346 750 368 CUM
769 347 949 390 IPM¹N¹8AE
965 348 1087 369 CRUCIS
1104 348 1297 370 SIGNACULO
1316 350 1523 372 BENEDICTA.

252 409 360 440 2Αωο
386 409 435 440 ³in
456 414 609 451 tempore,
636 410 766 451 quidam
790 411 888 443 stater
912 411 1056 443 ⁴nomine
1080 411 1218 450 Molua²‚
1242 411 1353 454 Nepos
1376 413 1517 450 ⁵Briuni,
1543 416 1582 445 ad

190 463 343 494 Sanctum
367 462 477 494 eadem
498 462 687 494 scribentem
703 462 780 495 hora
800 463 941 499 veniens,
967 463 1045 495 dicit
1061 463 1101 494 ad
1122 474 1205 501 eum,
1230 463 1303 496 Hoc
1325 464 1410 506 quod
1430 464 1463 495 in
1486 477 1581 496 manu

188 516 287 547 habeo
308 515 436 553 ferrum,
463 526 569 557 quaeso
586 515 763 547 benedicas.
809 515 876 555 Qui
899 515 1064 557 paululum
1088 521 1218 547 extensa
1241 527 1337 548 manu
1361 521 1489 548 ⁶sancta
1510 528 1582 549 cum

187 567 306 599 calamo
322 567 449 609 signans
465 567 637 605 benedixit,
665 567 705 598 ad
727 567 843 599 librum
868 568 907 599 de
932 580 995 609 quo
1017 568 1174 600 scribebat
1196 569 1275 601 facie
1299 581 1460 602 conversa.
1508 572 1582 611 Quo

187 621 335 652 videlicet
357 621 538 662 supradicto
553 621 652 653 fratre
676 633 748 653 cum
769 622 851 653 ferro
876 622 1043 654 benedicto
1066 623 1244 661 recedente,
1271 623 1408 656 Sanctus
1430 636 1582 666 percunc-

186 680 273 706 tatur
296 675 414 712 dicens,
444 675 541 715 Quod
564 674 653 706 fratri
676 674 794 706 ferrum
817 674 991 706 benedixi?
1037 675 1254 713 ⁷Dionnitius,
1282 676 1352 718 pius
1379 678 1446 719 ejus
1474 678 1582 709 minis-

186 735 294 766 trator,
319 729 509 771 Pugionem‚
535 729 589 766 ait,
619 729 659 760 ad
677 729 873 770 jugulandos
898 734 1005 760 tauros
1029 729 1080 760 vel
1105 730 1201 760 boves
1226 730 1428 762 benedixisti.
1475 731 1540 771 Qui
1565 744 1581 762 e

185 790 294 815 contra
308 783 501 825 respondens
517 783 613 820 Einfit,
629 782 763 814 Ferrum
780 783 866 824 quod
882 782 1040 820 benedixi,
1059 783 1182 814 confido
1195 783 1226 814 in
1241 783 1380 816 Domino
1394 795 1474 822 meo,
1492 786 1582 826 ⁹quia

185 848 242 868 nec
258 836 377 868 homini
397 847 456 868 nec
471 836 576 878 pecori
597 835 734 868 nocebit.
782 835 879 875 Quod
904 835 1012 867 Sancti
1033 835 1247 867 firmissimum
1269 837 1378 868 eadem
1399 837 1477 868 hora
1498 848 1582 868 com-

184 891 352 931 probatum
381 895 430 922 est
461 891 603 922 verbum.
659 889 744 921 Nam
767 889 852 921 idem
878 889 985 927 frater,
1020 889 1165 920 ¹⁰vallum
1198 901 1342 932 egressus
1369 891 1549 922 monasterii
1559 893 1580 928 ¹'‚

184 944 309 975 bovem⁰
325 943 475 985 jugulare
491 943 610 980 volens,
625 942 727 974 tribus
743 942 840 973 firmis
856 942 988 980 vicibus,
1012 948 1044 974 et
1058 942 1135 974 forti
1150 942 1338 984 impulsione
1355 949 1497 981 conatus,
1523 956 1581 976 nec

184 1002 290 1027 tamen
304 996 437 1038 ¹¹potuit
453 996 548 1027 etiam
564 996 632 1038 ejus
646 996 831 1038 transfigere
846 996 973 1037 pellem.
1020 996 1117 1036 Quod
1133 997 1279 1028 monachi
1295 997 1429 1029 scientes
1446 998 1578 1040 experti,

183 1050 324 1090 ejusdem
340 1049 488 1091 pugionis
505 1049 658 1087 ¹²ferrum,
676 1049 759 1091 ignis
774 1049 950 1081 resolutum
966 1049 1078 1086 calore,
1097 1060 1153 1091 per
1168 1050 1273 1080 onmia
1288 1050 1470 1081 monasterii
1486 1051 1581 1082 ferra-

183 1109 290 1134 menta
304 1103 511 1144 liquefactum
523 1103 700 1135 diviserunt
715 1103 884 1139 illinitum3
908 1114 966 1134 nec
987 1107 1097 1144 postea
1113 1102 1210 1133 ullam
1223 1109 1354 1144 potuere
1371 1114 1497 1135 carnem
1510 1104 1579 1135 vul-

183 1156 316 1194 nerared,
330 1156 414 1188 illius
430 1156 538 1189 Sancti
555 1161 729 1188 ”manente
745 1155 974 1188 benedictionis
989 1155 1188 1187 fortitudine.

218 1239 294 1261 ltitul.
307 1247 349 1262 om.
363 1239 389 1262 C.
404 1239 432 1262 D.
447 1239 472 1261 F.
487 1239 509 1261 S.
529 1238 588 1261 Bou.

184 1272 209 1293 C.
222 1271 249 1293 D.
259 1271 284 1294 F.
295 1271 317 1293 S.
376 1270 386 1285 ‘⁵
398 1279 439 1294 sua
455 1272 511 1294 add.
527 1271 556 1294 D.

185 1305 199 1320 ¹¹
212 1306 302 1335 poterat
314 1303 342 1325 D.
357 1303 380 1326 S.
449 1305 464 1320 ¹²
474 1311 516 1326 om.
526 1303 552 1326 C.

623 1272 631 1287 7
642 1271 770 1293 diarmatus
780 1271 807 1292 D.

621 1305 639 1320 ¹³
651 1306 783 1325 remanente
793 1303 822 1325 D.

183 1379 208 1402 in
221 1378 264 1402 the
277 1378 343 1402 Ross
356 1377 384 1401 of
395 1377 457 1401 Muli
471 1380 498 1401 at
511 1385 526 1401 a
539 1380 635 1401 stream
647 1377 705 1401 that
718 1377 767 1400 had
781 1384 854 1400 over-

183 1420 273 1444 flowed
286 1420 328 1444 the
341 1420 412 1443 road.
443 1420 467 1444 It
478 1427 529 1443 was
542 1423 588 1443 not
601 1419 650 1443 less
664 1419 726 1443 than
739 1422 790 1442 two
802 1419 854 1442 feet

182 1463 207 1486 in
220 1462 317 1494 length.

213 1512 221 1519 ·’
237 1503 528 1528 Ohscrvaverint.-The
544 1503 691 1535 exemption
704 1503 846 1527 continues,

214 1552 223 1562 ³
231 1545 450 1570 Mol‹1a.—Luais
461 1545 504 1569 the
514 1545 603 1576 simple
612 1545 677 1568 form
686 1544 762 1568 ofthe
773 1552 853 1572 name,

183 1589 270 1618 which,
285 1589 346 1612 with
363 1588 406 1612 the
424 1588 533 1620 particle
551 1588 580 1611 of
592 1588 712 1611 affection
730 1586 852 1618 prefixed,

181 1639 295 1654 assumes
308 1631 352 1654 the
366 1630 430 1654 form
443 1630 468 1653 in
480 1630 524 1653 the
537 1633 601 1653 text.
639 1628 782 1659 Lughaidh,
796 1628 853 1651 lati-

181 1674 252 1697 nized
262 1673 295 1706 by
307 1673 420 1705 Lugidus
433 1672 484 1696 and
494 1672 628 1704 Lugidius.
639 1673 660 1695 is
671 1672 778 1695 another
788 1671 854 1694 form

181 1716 259 1739 ofthe
269 1723 339 1739 same
350 1723 422 1739 rame
432 1715 523 1746 (Flem.
535 1714 640 1738 Collect.
652 1722 675 1745 p.
686 1714 730 1744 368
739 1714 774 1744 α).
804 1713 853 1736 Ne-

181 1766 227 1790 pos
242 1758 331 1781 Briuni
349 1758 370 1780 is
382 1758 408 1780 in
422 1757 488 1780 Irish
502 1757 545 1781 Uo
564 1757 670 1786 bpiuin,
688 1756 717 1779 of
727 1755 807 1779 which
820 1763 853 1779 an

180 1800 297 1832 example
307 1800 352 1823 has
362 1799 467 1831 already
476 1799 600 1823 occurred
609 1799 633 1821 in
644 1798 716 1829 chap.
728 1799 762 1827 16,
771 1806 852 1828 snpra.

181 1842 281 1873 Colgan
302 1849 426 1872 supposes
445 1841 496 1864 this
515 1844 543 1864 to
563 1840 594 1864 be
615 1840 658 1863 the
680 1839 767 1863 Molua
785 1847 852 1863 com-

181 1883 338 1908 memorated
352 1884 376 1906 in
389 1883 433 1906 the
444 1883 573 1907 Calendar
585 1886 613 1906 at
625 1883 690 1906 June
700 1890 730 1911 4:
750 1883 852 1906 metuo

181 1934 242 1951 mac
264 1926 346 1950 Siniti.
368 1928 403 1949 oo
429 1926 521 1954 phoci:
546 1925 640 1954 omum
668 1931 722 1947 nuc
740 1924 852 1948 eucooc

180 1967 376 2000 Uiuifjmsooin,
394 1972 400 1981 ‘
412 1967 505 1996 Molua,
520 1974 565 1990 son
580 1967 607 1990 of
616 1966 696 1992 Sinill.
706 1966 783 1989 ofthe
792 1973 852 1989 raee

180 2012 208 2035 of
219 2011 307 2038 Briau,
320 2017 365 2033 son
381 2010 409 2033 of
419 2009 539 2033 Eachaeh
551 2007 779 2040 Muighmedhoin.'

213 2055 223 2069 ¹³
242 2052 337 2076 Vallum
355 2051 588 2075 monasteriis-See
605 2053 665 2074 note
675 2050 688 2078 f,
705 2049 721 2073 i.
733 2057 745 2080 3
762 2051 797 2081 (p.
810 2050 851 2081 ²4)

179 2103 263 2127 supra.
292 2095 348 2118 The
359 2094 424 2118 Rule
432 2094 461 2117 of
469 2094 507 2117 St.
520 2093 693 2117 Columbanus
705 2093 851 2124 prescribes

180 2145 195 2161 a.
207 2145 320 2168 penauce
335 2136 375 2160 for
390 2136 442 2160 him
463 2138 477 2149 “
488 2136 530 2167 qui
547 2139 623 2159 extra
643 2134 739 2163 vallum,
758 2135 784 2158 id
803 2139 852 2163 est,

179 2185 255 2205 extra
283 2190 360 2214 sepem
389 2182 536 2208 monasterii,
564 2181 617 2204 siue
646 2180 851 2212 interrogatione

657 1240 666 1255 2
677 1239 770 1268 capitul.
784 1241 855 1261 totum
868 1239 891 1260 in
904 1239 917 1261 i.
933 1245 960 1267 15
970 1238 1091 1268 releyatur.
1124 1238 1149 1260 (¹.
1161 1238 1188 1260 D.
1204 1238 1227 1260 F.
1242 1238 1264 1260 S*

874 1271 965 1300 *inquit
981 1271 1007 1292 1).

1325 1239 1333 1253 ³
1346 1246 1388 1260 om.
1403 1238 1429 1260 D.
1492 1241 1500 1254 ⁴
1514 1241 1522 1255 ³,
1534 1248 1577 1262 om.

1083 1270 1093 1285 ‘-¹
1103 1271 1164 1300 quod
1177 1271 1203 1293 C.
1272 1272 1289 1285 ¹¹¹
1299 1277 1390 1292 murum
1403 1271 1430 1293 1).
1456 1271 1543 1293 nullam
1556 1273 1577 1293 S.

906 1376 1079 1407 ieritf'rcap.
1099 1377 1111 1398 8
1132 1375 1224 1406 (Flem.
1244 1375 1350 1399 Collect.
1364 1383 1387 1407 p,
1404 1384 1431 1398 22
1446 1378 1484 1408 α).
1523 1377 1578 1400 Tho

908 1422 995 1445 welsh
1018 1421 1188 1445 monasteries
1215 1421 1266 1445 had
1295 1420 1393 1444 similar
1421 1421 1577 1446 enclosures.

909 1464 1022 1488 “Cadoc
1040 1464 1187 1488 construxit
1204 1464 1339 1487 ecclesiam
1354 1464 1507 1492 Macmoillo,
1527 1464 1579 1487 ‹lis-

906 1507 990 1538 cipulo
1008 1508 1071 1537 ejus,
1084 1514 1191 1537 eamque
1207 1506 1343 1529 munimine
1357 1506 1577 1530 vallavit.'·—-Vit.

907 1549 932 1572 S.
945 1548 1050 1575 Cadoci,
1071 1556 1092 1571 c.
1104 1555 1135 1578 55
1149 1548 1238 1578 (Rem,
1256 1548 1332 1571 Lives
1351 1548 1379 1571 os
1393 1548 1436 1571 the
1455 1548 1577 1571 Cambro-

906 1591 1004 1614 British
1017 1591 1112 1617 Saints,
1128 1599 1152 1622 p.
1167 1591 1216 1621 88).

937 1638 946 1648 ι’
958 1632 1148 1656 Bacca—We
1167 1632 1232 1655 have
1250 1632 1356 1663 already
1375 1640 1434 1655 seen
1453 1632 1511 1656 that
1533 1633 1576 1656 the

905 1675 1060 1706 community
1074 1674 1102 1698 of
1118 1674 1159 1706 Hy
1172 1682 1239 1697 were
1257 1674 1381 1705 provided
1395 1675 1456 1698 with
1475 1675 1577 1698 wellen-s

906 1718 934 1748 (i.
946 1725 985 1746 4¹,
1000 1725 1022 1748 p.
1034 1718 1071 1746 78,
1083 1718 1188 1748 supra);
1208 1716 1268 1740 here
1286 1724 1322 1739 we
1342 1716 1394 1740 find
1410 1717 1577 1748 preparation

904 1759 945 1783 for
957 1759 1000 1782 the
1013 1758 1146 1790 slaughter
1159 1758 1187 1782 os
1196 1766 1211 1782 a
1223 1758 1311 1790 lai-gei·
1323 1759 1423 1792 animal.

936 1802 946 1817 ‘¹
962 1801 1066 1825 Carnem
1084 1801 1281 1825 vulnerare.—A
1298 1801 1396 1824 similar
1412 1801 1537 1825 anecdote
1555 1802 1576 1824 is

904 1843 959 1867 told
979 1843 1004 1866 in
1022 1843 1065 1866 the
1087 1842 1143 1866 Life
1160 1843 1189 1866 of
1209 1844 1244 1866 St.
1264 1842 1410 1866 Columba's
1434 1850 1574 1866 successor.

906 1888 919 1898 ¹<
930 1885 988 1909 Alio
1007 1885 1031 1908 in
1046 1889 1167 1916 tempore,
1181 1885 1240 1908 dum
1254 1885 1293 1908 vir
1310 1885 1358 1909 Dei
1375 1885 1400 1908 in
1414 1885 1476 1909 Iona
1493 1886 1576 1909 insula

904 1927 1043 1955 habitaret,
1056 1927 1133 1951 hasta
1145 1927 1270 1958 quaedam‚
1285 1930 1314 1951 ut
1326 1927 1358 1951 ab
1371 1935 1401 1951 eo
1414 1927 1576 1951 benedicere-

903 1973 953 1998 tur,
967 1969 1048 1993 allata
1060 1973 1115 1993 est:
1130 1977 1206 2000 quam
1223 1970 1297 2001 signo
1310 1970 1400 1994 Crucis
1413 1970 1573 1997 benedicens,

903 2019 919 2035 a
939 2011 979 2035 die
999 2011 1042 2035 illo
1060 2015 1086 2035 et
1100 2011 1220 2043 deinceps
1237 2019 1381 2043 numquam,
1395 2012 1471 2036 etiam
1491 2016 1574 2036 cutem

903 2054 1019 2078 animalis
1038 2053 1154 2077 lacerare
1171 2054 1264 2085 potuit,
1283 2058 1309 2078 et
1325 2054 1357 2078 ab
1370 2054 1417 2078 hoc
1435 2054 1479 2078 illa
1499 2055 1576 2078 hasta

902 2096 1066 2120 ferramentis
1081 2096 1202 2119 Fratrum
1217 2104 1232 2120 a
1245 2096 1319 2119 fabro
1332 2097 1471 2120 commixta
1481 2101 1529 2123 ost,
1544 2105 1575 2120 ne

902 2139 946 2162 illa
965 2138 1103 2170 quidquam
1119 2138 1373 2162 inciderent.”—Vit.
1389 2139 1413 2162 S.
1430 2139 1572 2163 Baithenei.

903 2189 923 2204 e.
939 2182 950 2203 8
968 2181 1039 2211 (Act.
1055 2181 1099 2204 SS.
1111 2180 1170 2204 Jun.
1186 2184 1247 2204 tom.
1263 2181 1286 2204 ii.
1302 2189 1325 2211 p.
1339 2189 1382 2211 ²37
1395 2181 1429 2211 b).
