<?xml version="1.0" encoding="UTF-8"?>
<!DOCTYPE html PUBLIC "-//W3C//DTD XHTML 1.0 Transitional//EN"
    "http://www.w3.org/TR/xhtml1/DTD/xhtml1-transitional.dtd">
<html xmlns="http://www.w3.org/1999/xhtml" xml:lang="en" lang="en">
 <head>
  <title>
</title>
<meta http-equiv="Content-Type" content="text/html;charset=utf-8" />
  <meta name='ocr-system' content='tesseract 3.04.00' />
  <meta name='ocr-capabilities' content='ocr_page ocr_carea ocr_par ocr_line ocrx_word'/>
</head>
<body>
  <div class='ocr_page' id='page_1' title='image "./vitasancticolumb00adam_0200.png"; bbox 0 0 1914 2518; ppageno 0'>
   <div class='ocr_carea' id='block_1_1' title="bbox 305 177 1690 226">
    <p class='ocr_par' dir='ltr' id='par_1_1' title="bbox 305 177 1690 226">
     <span class='ocr_line' id='line_1_1' title="bbox 305 177 1690 226; baseline 0.001 -12"><span class='ocrx_word' id='word_1_1' title='bbox 305 192 371 214; x_wconf 90' lang='lat'>100</span> <span class='ocrx_word' id='word_1_2' title='bbox 794 177 872 215; x_wconf 76' lang='lat' dir='ltr'>Vita</span> <span class='ocrx_word' id='word_1_3' title='bbox 891 178 1012 216; x_wconf 72' lang='lat' dir='ltr'>Sancti</span> <span class='ocrx_word' id='word_1_4' title='bbox 1033 178 1204 215; x_wconf 78' lang='lat' dir='ltr'>Columboe</span> <span class='ocrx_word' id='word_1_5' title='bbox 1571 187 1645 226; x_wconf 71' lang='lat' dir='ltr'>[mn.</span> <span class='ocrx_word' id='word_1_6' title='bbox 1662 197 1690 216; x_wconf 86' lang='grc'>11.</span> 
     </span>
    </p>
   </div>
   <div class='ocr_carea' id='block_1_2' title="bbox 299 276 1692 416">
    <p class='ocr_par' dir='ltr' id='par_1_2' title="bbox 299 276 1692 416">
     <span class='ocr_line' id='line_1_2' title="bbox 364 276 1692 320; baseline -0.001 -12"><span class='ocrx_word' id='word_1_7' title='bbox 364 277 479 309; x_wconf 78' lang='lat' dir='ltr'>²²Huie</span> <span class='ocrx_word' id='word_1_8' title='bbox 504 277 606 319; x_wconf 88' lang='lat' dir='ltr'>primo</span> <span class='ocrx_word' id='word_1_9' title='bbox 632 277 712 308; x_wconf 82' lang='lat' dir='ltr'>libro</span> <span class='ocrx_word' id='word_1_10' title='bbox 740 277 818 309; x_wconf 77' lang='lat' dir='ltr'>²³hic</span> <span class='ocrx_word' id='word_1_11' title='bbox 845 278 1019 320; x_wconf 73' lang='lat' dir='ltr'>imponitur</span> <span class='ocrx_word' id='word_1_12' title='bbox 1044 277 1198 309; x_wconf 81' lang='lat' dir='ltr'>terminus</span> <span class='ocrx_word' id='word_1_13' title='bbox 1212 289 1220 314; x_wconf 83' lang='lat'><em>3</em></span> <span class='ocrx_word' id='word_1_14' title='bbox 1245 280 1356 309; x_wconf 62' lang='lat' dir='ltr'>2⁴nime</span> <span class='ocrx_word' id='word_1_15' title='bbox 1385 287 1519 318; x_wconf 86' lang='lat' dir='ltr'>sequens</span> <span class='ocrx_word' id='word_1_16' title='bbox 1542 276 1692 308; x_wconf 82' lang='lat' dir='ltr'>²⁵0rditur</span> 
     </span>
     <span class='ocr_line' id='line_1_3' title="bbox 299 329 1691 372; baseline -0.001 -10"><span class='ocrx_word' id='word_1_17' title='bbox 299 330 405 362; x_wconf 71' lang='lat' dir='ltr'>²⁵libe1·</span> <span class='ocrx_word' id='word_1_18' title='bbox 419 331 459 362; x_wconf 86' lang='lat' dir='ltr'>de</span> <span class='ocrx_word' id='word_1_19' title='bbox 475 331 632 363; x_wconf 84' lang='lat' dir='ltr'>virtutum</span> <span class='ocrx_word' id='word_1_20' title='bbox 648 330 842 369; x_wconf 62' lang='grc'>271111111011115,</span> <span class='ocrx_word' id='word_1_21' title='bbox 861 335 958 372; x_wconf 62' lang='lat' dir='ltr'>²Squae</span> <span class='ocrx_word' id='word_1_22' title='bbox 974 331 1161 372; x_wconf 85' lang='lat' dir='ltr'>plerumque</span> <span class='ocrx_word' id='word_1_23' title='bbox 1176 330 1271 362; x_wconf 86' lang='lat' dir='ltr'>etiam</span> <span class='ocrx_word' id='word_1_24' title='bbox 1288 329 1481 372; x_wconf 82' lang='lat' dir='ltr'>prophetalis</span> <span class='ocrx_word' id='word_1_25' title='bbox 1496 329 1691 372; x_wconf 82' lang='lat' dir='ltr'>praescientia</span> 
     </span>
     <span class='ocr_line' id='line_1_4' title="bbox 300 384 508 416; baseline -0.005 -1"><span class='ocrx_word' id='word_1_26' title='bbox 300 388 321 402; x_wconf 77' lang='lat'>²⁹</span> <span class='ocrx_word' id='word_1_27' title='bbox 328 384 508 416; x_wconf 83' lang='lat' dir='ltr'>comitatur.</span> 
     </span>
    </p>
   </div>
   <div class='ocr_carea' id='block_1_3' title="bbox 508 562 1477 601">
    <p class='ocr_par' dir='ltr' id='par_1_3' title="bbox 508 562 1477 601">
     <span class='ocr_line' id='line_1_5' title="bbox 508 562 1477 601; baseline 0.004 -7"><span class='ocrx_word' id='word_1_28' title='bbox 508 562 779 595; x_wconf 75' lang='lat' dir='ltr'>CAPITULAa</span> <span class='ocrx_word' id='word_1_29' title='bbox 806 562 1020 595; x_wconf 84' lang='lat' dir='ltr'>SECUNDI</span> <span class='ocrx_word' id='word_1_30' title='bbox 1043 563 1179 595; x_wconf 88' lang='lat' dir='ltr'>LIBRI</span> <span class='ocrx_word' id='word_1_31' title='bbox 1203 564 1477 601; x_wconf 78' lang='lat' dir='ltr'>INCIPIUNT‚</span> 
     </span>
    </p>
   </div>
   <div class='ocr_carea' id='block_1_4' title="bbox 768 666 1226 688">
    <p class='ocr_par' dir='ltr' id='par_1_4' title="bbox 768 666 1226 688">
     <span class='ocr_line' id='line_1_6' title="bbox 768 666 1226 688; baseline 0 -1"><span class='ocrx_word' id='word_1_32' title='bbox 768 667 811 687; x_wconf 91' lang='lat' dir='ltr'>DE</span> <span class='ocrx_word' id='word_1_33' title='bbox 830 667 1008 687; x_wconf 75' lang='lat' dir='ltr'>VIRTUTUM</span> <span class='ocrx_word' id='word_1_34' title='bbox 1025 666 1226 688; x_wconf 78' lang='lat' dir='ltr'>MIRACULIS.</span> 
     </span>
    </p>
   </div>
   <div class='ocr_carea' id='block_1_5' title="bbox 301 743 1694 1683">
    <p class='ocr_par' dir='ltr' id='par_1_5' title="bbox 302 743 925 785">
     <span class='ocr_line' id='line_1_7' title="bbox 302 743 925 785; baseline 0 -11"><span class='ocrx_word' id='word_1_35' title='bbox 302 744 355 775; x_wconf 65' lang='lat' dir='ltr'>Dr:</span> <span class='ocrx_word' id='word_1_36' title='bbox 372 744 446 776; x_wconf 86' lang='lat' dir='ltr'>vino</span> <span class='ocrx_word' id='word_1_37' title='bbox 462 744 548 785; x_wconf 84' lang='lat' dir='ltr'>quod</span> <span class='ocrx_word' id='word_1_38' title='bbox 564 744 603 775; x_wconf 89' lang='lat' dir='ltr'>de</span> <span class='ocrx_word' id='word_1_39' title='bbox 619 755 701 785; x_wconf 86' lang='lat' dir='ltr'>aqua</span> <span class='ocrx_word' id='word_1_40' title='bbox 716 743 837 775; x_wconf 85' lang='lat' dir='ltr'>factum</span> <span class='ocrx_word' id='word_1_41' title='bbox 853 745 925 774; x_wconf 68' lang='lat' dir='ltr'>esth.</span> 
     </span>
    </p>

    <p class='ocr_par' dir='ltr' id='par_1_6' title="bbox 301 794 1692 882">
     <span class='ocr_line' id='line_1_8' title="bbox 301 794 1692 838; baseline -0.001 -10"><span class='ocrx_word' id='word_1_42' title='bbox 301 797 352 829; x_wconf 86' lang='lat' dir='ltr'>De</span> <span class='ocrx_word' id='word_1_43' title='bbox 373 797 574 828; x_wconf 83' lang='lat' dir='ltr'>amarissimis</span> <span class='ocrx_word' id='word_1_44' title='bbox 594 797 728 838; x_wconf 84' lang='lat' dir='ltr'>alicujus</span> <span class='ocrx_word' id='word_1_45' title='bbox 748 796 867 828; x_wconf 84' lang='lat' dir='ltr'>arboris</span> <span class='ocrx_word' id='word_1_46' title='bbox 887 795 999 838; x_wconf 83' lang='lat' dir='ltr'>pomis,</span> <span class='ocrx_word' id='word_1_47' title='bbox 1021 795 1054 826; x_wconf 87' lang='lat' dir='ltr'>in</span> <span class='ocrx_word' id='word_1_48' title='bbox 1075 794 1276 827; x_wconf 85' lang='lat' dir='ltr'>dulcedinem</span> <span class='ocrx_word' id='word_1_49' title='bbox 1297 806 1352 837; x_wconf 88' lang='lat' dir='ltr'>per</span> <span class='ocrx_word' id='word_1_50' title='bbox 1371 795 1479 827; x_wconf 79' lang='lat' dir='ltr'>Sancti</span> <span class='ocrx_word' id='word_1_51' title='bbox 1499 795 1692 828; x_wconf 86' lang='lat' dir='ltr'>benedictio-</span> 
     </span>
     <span class='ocr_line' id='line_1_9' title="bbox 365 851 573 882; baseline -0.005 0"><span class='ocrx_word' id='word_1_52' title='bbox 365 861 439 882; x_wconf 88' lang='lat' dir='ltr'>nem</span> <span class='ocrx_word' id='word_1_53' title='bbox 453 851 573 882; x_wconf 59' lang='lat' dir='ltr'>versisc.</span> 
     </span>
    </p>

    <p class='ocr_par' dir='ltr' id='par_1_7' title="bbox 302 901 1693 998">
     <span class='ocr_line' id='line_1_10' title="bbox 302 901 1693 945; baseline -0.002 -10"><span class='ocrx_word' id='word_1_54' title='bbox 302 904 352 935; x_wconf 90' lang='lat' dir='ltr'>De</span> <span class='ocrx_word' id='word_1_55' title='bbox 367 909 461 941; x_wconf 81' lang='lat' dir='ltr'>terra,</span> <span class='ocrx_word' id='word_1_56' title='bbox 478 909 550 945; x_wconf 86' lang='lat' dir='ltr'>post</span> <span class='ocrx_word' id='word_1_57' title='bbox 566 903 705 934; x_wconf 81' lang='lat' dir='ltr'>medium</span> <span class='ocrx_word' id='word_1_58' title='bbox 725 903 842 934; x_wconf 79' lang='lat' dir='ltr'>aestatis</span> <span class='ocrx_word' id='word_1_59' title='bbox 863 907 989 944; x_wconf 83' lang='lat' dir='ltr'>tempus</span> <span class='ocrx_word' id='word_1_60' title='bbox 1010 906 1097 932; x_wconf 83' lang='lat' dir='ltr'>arata</span> <span class='ocrx_word' id='word_1_61' title='bbox 1112 906 1146 932; x_wconf 86' lang='lat' dir='ltr'>et</span> <span class='ocrx_word' id='word_1_62' title='bbox 1165 901 1329 938; x_wconf 83' lang='lat' dir='ltr'>seminata,</span> <span class='ocrx_word' id='word_1_63' title='bbox 1351 901 1467 933; x_wconf 81' lang='lat' dir='ltr'>mensis</span> <span class='ocrx_word' id='word_1_64' title='bbox 1484 901 1629 943; x_wconf 84' lang='lat' dir='ltr'>Augusti</span> <span class='ocrx_word' id='word_1_65' title='bbox 1646 901 1693 932; x_wconf 88' lang='lat' dir='ltr'>in-</span> 
     </span>
     <span class='ocr_line' id='line_1_11' title="bbox 364 954 1197 998; baseline -0.004 -10"><span class='ocrx_word' id='word_1_66' title='bbox 364 957 508 998; x_wconf 84' lang='lat' dir='ltr'>cipientis</span> <span class='ocrx_word' id='word_1_67' title='bbox 524 956 652 988; x_wconf 84' lang='lat' dir='ltr'>exordio</span> <span class='ocrx_word' id='word_1_68' title='bbox 667 961 823 987; x_wconf 83' lang='lat' dir='ltr'>maturam</span> <span class='ocrx_word' id='word_1_69' title='bbox 839 966 973 987; x_wconf 82' lang='lat' dir='ltr'>messem</span> <span class='ocrx_word' id='word_1_70' title='bbox 989 954 1197 996; x_wconf 62' lang='lat' dir='ltr'>proferented.</span> 
     </span>
    </p>

    <p class='ocr_par' dir='ltr' id='par_1_8' title="bbox 301 1007 1108 1051">
     <span class='ocr_line' id='line_1_12' title="bbox 301 1007 1108 1051; baseline -0.002 -11"><span class='ocrx_word' id='word_1_71' title='bbox 301 1010 351 1041; x_wconf 93' lang='lat' dir='ltr'>De</span> <span class='ocrx_word' id='word_1_72' title='bbox 366 1009 534 1041; x_wconf 78' lang='lat' dir='ltr'>morbifera</span> <span class='ocrx_word' id='word_1_73' title='bbox 549 1010 644 1046; x_wconf 85' lang='lat' dir='ltr'>nube,</span> <span class='ocrx_word' id='word_1_74' title='bbox 662 1015 694 1041; x_wconf 89' lang='lat' dir='ltr'>et</span> <span class='ocrx_word' id='word_1_75' title='bbox 709 1008 933 1051; x_wconf 79' lang='lat' dir='ltr'>languentium</span> <span class='ocrx_word' id='word_1_76' title='bbox 949 1007 1108 1039; x_wconf 62' lang='lat' dir='ltr'>sanitatee.</span> 
     </span>
    </p>

    <p class='ocr_par' dir='ltr' id='par_1_9' title="bbox 301 1058 1355 1103">
     <span class='ocr_line' id='line_1_13' title="bbox 301 1058 1355 1103; baseline -0.003 -11"><span class='ocrx_word' id='word_1_77' title='bbox 301 1061 352 1093; x_wconf 94' lang='lat' dir='ltr'>De</span> <span class='ocrx_word' id='word_1_78' title='bbox 368 1061 546 1103; x_wconf 60' lang='lat' dir='ltr'>BIauguina</span> <span class='ocrx_word' id='word_1_79' title='bbox 561 1066 669 1092; x_wconf 83' lang='lat' dir='ltr'>sancta</span> <span class='ocrx_word' id='word_1_80' title='bbox 683 1060 817 1102; x_wconf 67' lang='lat' dir='ltr'>virgine,</span> <span class='ocrx_word' id='word_1_81' title='bbox 835 1066 868 1092; x_wconf 85' lang='lat' dir='ltr'>et</span> <span class='ocrx_word' id='word_1_82' title='bbox 882 1060 1022 1091; x_wconf 76' lang='lat' dir='ltr'>sraetma</span> <span class='ocrx_word' id='word_1_83' title='bbox 1037 1070 1122 1091; x_wconf 81' lang='lat' dir='ltr'>coxae</span> <span class='ocrx_word' id='word_1_84' title='bbox 1139 1059 1206 1100; x_wconf 84' lang='lat' dir='ltr'>ejus</span> <span class='ocrx_word' id='word_1_85' title='bbox 1223 1058 1355 1090; x_wconf 78' lang='lat' dir='ltr'>sanatas.</span> 
     </span>
    </p>

    <p class='ocr_par' dir='ltr' id='par_1_10' title="bbox 301 1109 1655 1151">
     <span class='ocr_line' id='line_1_14' title="bbox 301 1109 1655 1151; baseline -0.004 -6"><span class='ocrx_word' id='word_1_86' title='bbox 301 1113 352 1145; x_wconf 90' lang='lat' dir='ltr'>De</span> <span class='ocrx_word' id='word_1_87' title='bbox 367 1114 541 1145; x_wconf 87' lang='lat' dir='ltr'>multorum</span> <span class='ocrx_word' id='word_1_88' title='bbox 556 1113 673 1145; x_wconf 85' lang='lat' dir='ltr'>morbis</span> <span class='ocrx_word' id='word_1_89' title='bbox 689 1112 818 1144; x_wconf 87' lang='lat' dir='ltr'>fimbriae</span> <span class='ocrx_word' id='word_1_90' title='bbox 834 1111 1016 1143; x_wconf 79' lang='lat' dir='ltr'>vestimenti</span> <span class='ocrx_word' id='word_1_91' title='bbox 1032 1111 1099 1151; x_wconf 88' lang='lat' dir='ltr'>ejus</span> <span class='ocrx_word' id='word_1_92' title='bbox 1114 1115 1212 1147; x_wconf 79' lang='lat' dir='ltr'>tactu,</span> <span class='ocrx_word' id='word_1_93' title='bbox 1231 1110 1263 1140; x_wconf 90' lang='lat' dir='ltr'>in</span> <span class='ocrx_word' id='word_1_94' title='bbox 1280 1109 1384 1140; x_wconf 82' lang='lat' dir='ltr'>Dorso</span> <span class='ocrx_word' id='word_1_95' title='bbox 1401 1109 1428 1141; x_wconf 84' lang='lat' dir='ltr'>C</span> <span class='ocrx_word' id='word_1_96' title='bbox 1432 1114 1492 1147; x_wconf 85' lang='lat' dir='ltr'>ete,</span> <span class='ocrx_word' id='word_1_97' title='bbox 1511 1110 1655 1141; x_wconf 46' lang='lat' dir='ltr'>sanatis&amp;</span> 
     </span>
    </p>

    <p class='ocr_par' dir='ltr' id='par_1_11' title="bbox 302 1161 1527 1208">
     <span class='ocr_line' id='line_1_15' title="bbox 302 1161 1527 1208; baseline -0.005 -10"><span class='ocrx_word' id='word_1_98' title='bbox 302 1166 354 1198; x_wconf 87' lang='lat' dir='ltr'>De</span> <span class='ocrx_word' id='word_1_99' title='bbox 370 1171 459 1208; x_wconf 88' lang='lat' dir='ltr'>petra</span> <span class='ocrx_word' id='word_1_100' title='bbox 474 1166 546 1197; x_wconf 83' lang='lat' dir='ltr'>salis</span> <span class='ocrx_word' id='word_1_101' title='bbox 561 1177 579 1196; x_wconf 84' lang='lat' dir='ltr'>a</span> <span class='ocrx_word' id='word_1_102' title='bbox 598 1165 714 1197; x_wconf 80' lang='lat' dir='ltr'>Sancto</span> <span class='ocrx_word' id='word_1_103' title='bbox 730 1164 908 1202; x_wconf 85' lang='lat' dir='ltr'>benedicta,</span> <span class='ocrx_word' id='word_1_104' title='bbox 927 1174 1022 1205; x_wconf 87' lang='lat' dir='ltr'>quam</span> <span class='ocrx_word' id='word_1_105' title='bbox 1038 1162 1121 1204; x_wconf 83' lang='lat' dir='ltr'>ignis</span> <span class='ocrx_word' id='word_1_106' title='bbox 1136 1163 1301 1193; x_wconf 83' lang='lat' dir='ltr'>absumere</span> <span class='ocrx_word' id='word_1_107' title='bbox 1316 1172 1380 1192; x_wconf 90' lang='lat' dir='ltr'>non</span> <span class='ocrx_word' id='word_1_108' title='bbox 1396 1161 1527 1202; x_wconf 69' lang='lat' dir='ltr'>potuith.</span> 
     </span>
    </p>

    <p class='ocr_par' dir='ltr' id='par_1_12' title="bbox 304 1213 1694 1303">
     <span class='ocr_line' id='line_1_16' title="bbox 304 1213 1694 1258; baseline -0.003 -8"><span class='ocrx_word' id='word_1_109' title='bbox 304 1219 354 1250; x_wconf 87' lang='lat' dir='ltr'>De</span> <span class='ocrx_word' id='word_1_110' title='bbox 373 1219 506 1250; x_wconf 87' lang='lat' dir='ltr'>librariis</span> <span class='ocrx_word' id='word_1_111' title='bbox 525 1218 608 1249; x_wconf 86' lang='lat' dir='ltr'>foliis</span> <span class='ocrx_word' id='word_1_112' title='bbox 630 1229 726 1249; x_wconf 85' lang='lat' dir='ltr'>manu</span> <span class='ocrx_word' id='word_1_113' title='bbox 746 1216 854 1249; x_wconf 84' lang='lat' dir='ltr'>Sancti</span> <span class='ocrx_word' id='word_1_114' title='bbox 876 1215 1011 1258; x_wconf 82' lang='lat' dir='ltr'>seriptis,</span> <span class='ocrx_word' id='word_1_115' title='bbox 1033 1226 1103 1256; x_wconf 87' lang='lat' dir='ltr'>quae</span> <span class='ocrx_word' id='word_1_116' title='bbox 1122 1225 1204 1255; x_wconf 84' lang='lat' dir='ltr'>aqua</span> <span class='ocrx_word' id='word_1_117' title='bbox 1219 1213 1307 1245; x_wconf 85' lang='lat' dir='ltr'>nullo</span> <span class='ocrx_word' id='word_1_118' title='bbox 1327 1213 1421 1245; x_wconf 89' lang='lat' dir='ltr'>modo</span> <span class='ocrx_word' id='word_1_119' title='bbox 1444 1214 1602 1255; x_wconf 89' lang='lat' dir='ltr'>corrumpi</span> <span class='ocrx_word' id='word_1_120' title='bbox 1623 1220 1694 1256; x_wconf 86' lang='lat' dir='ltr'>pot-</span> 
     </span>
     <span class='ocr_line' id='line_1_17' title="bbox 369 1271 461 1303; baseline -0.011 0"><span class='ocrx_word' id='word_1_121' title='bbox 369 1271 461 1303; x_wconf 60' lang='lat' dir='ltr'>uerei.</span> 
     </span>
    </p>

    <p class='ocr_par' dir='ltr' id='par_1_13' title="bbox 305 1314 1353 1366">
     <span class='ocr_line' id='line_1_18' title="bbox 305 1314 1353 1366; baseline -0.004 -12"><span class='ocrx_word' id='word_1_122' title='bbox 305 1324 354 1356; x_wconf 86' lang='lat' dir='ltr'>De</span> <span class='ocrx_word' id='word_1_123' title='bbox 370 1335 462 1366; x_wconf 79' lang='lat' dir='ltr'>aqua,</span> <span class='ocrx_word' id='word_1_124' title='bbox 481 1334 562 1364; x_wconf 80' lang='lat' dir='ltr'>quae,</span> <span class='ocrx_word' id='word_1_125' title='bbox 573 1314 701 1355; x_wconf 75' lang='lat' dir='ltr'>*Sancto</span> <span class='ocrx_word' id='word_1_126' title='bbox 717 1327 836 1359; x_wconf 78' lang='lat' dir='ltr'>orante,</span> <span class='ocrx_word' id='word_1_127' title='bbox 854 1332 894 1352; x_wconf 85' lang='lat' dir='ltr'>ex</span> <span class='ocrx_word' id='word_1_128' title='bbox 910 1321 988 1352; x_wconf 85' lang='lat' dir='ltr'>dura</span> <span class='ocrx_word' id='word_1_129' title='bbox 1004 1320 1159 1362; x_wconf 83' lang='lat' dir='ltr'>producta</span> <span class='ocrx_word' id='word_1_130' title='bbox 1174 1326 1221 1351; x_wconf 87' lang='lat' dir='ltr'>est</span> <span class='ocrx_word' id='word_1_131' title='bbox 1237 1320 1353 1361; x_wconf 60' lang='lat' dir='ltr'>peti-ak.</span> 
     </span>
    </p>

    <p class='ocr_par' dir='ltr' id='par_1_14' title="bbox 303 1372 1694 1463">
     <span class='ocr_line' id='line_1_19' title="bbox 303 1372 1694 1419; baseline -0.001 -13"><span class='ocrx_word' id='word_1_132' title='bbox 303 1377 353 1409; x_wconf 89' lang='lat' dir='ltr'>De</span> <span class='ocrx_word' id='word_1_133' title='bbox 374 1389 456 1419; x_wconf 83' lang='lat' dir='ltr'>aqua</span> <span class='ocrx_word' id='word_1_134' title='bbox 470 1376 610 1413; x_wconf 76' lang='lat' dir='ltr'>fontana,</span> <span class='ocrx_word' id='word_1_135' title='bbox 629 1387 724 1417; x_wconf 87' lang='lat' dir='ltr'>quam</span> <span class='ocrx_word' id='word_1_136' title='bbox 742 1375 877 1407; x_wconf 86' lang='lat' dir='ltr'>Sanctus</span> <span class='ocrx_word' id='word_1_137' title='bbox 897 1375 981 1406; x_wconf 81' lang='lat' dir='ltr'>ultra</span> <span class='ocrx_word' id='word_1_138' title='bbox 997 1373 1217 1405; x_wconf 84' lang='lat' dir='ltr'>Britannicum</span> <span class='ocrx_word' id='word_1_139' title='bbox 1237 1373 1402 1404; x_wconf 79' lang='lat' dir='ltr'>benedixit</span> <span class='ocrx_word' id='word_1_140' title='bbox 1418 1372 1568 1411; x_wconf 87' lang='lat' dir='ltr'>Dorsum,</span> <span class='ocrx_word' id='word_1_141' title='bbox 1592 1380 1624 1405; x_wconf 86' lang='lat' dir='ltr'>et</span> <span class='ocrx_word' id='word_1_142' title='bbox 1647 1386 1694 1405; x_wconf 85' lang='lat' dir='ltr'>sa-</span> 
     </span>
     <span class='ocr_line' id='line_1_20' title="bbox 366 1430 477 1463; baseline 0.018 -2"><span class='ocrx_word' id='word_1_143' title='bbox 366 1430 477 1463; x_wconf 50' lang='lat' dir='ltr'>navist</span> 
     </span>
    </p>

    <p class='ocr_par' dir='ltr' id='par_1_15' title="bbox 303 1477 1692 1575">
     <span class='ocr_line' id='line_1_21' title="bbox 303 1477 1692 1522; baseline -0.003 -8"><span class='ocrx_word' id='word_1_144' title='bbox 303 1482 353 1514; x_wconf 92' lang='lat' dir='ltr'>De</span> <span class='ocrx_word' id='word_1_145' title='bbox 380 1481 489 1514; x_wconf 81' lang='lat' dir='ltr'>Sancti</span> <span class='ocrx_word' id='word_1_146' title='bbox 518 1479 657 1522; x_wconf 85' lang='lat' dir='ltr'>periculo</span> <span class='ocrx_word' id='word_1_147' title='bbox 687 1479 721 1510; x_wconf 89' lang='lat' dir='ltr'>in</span> <span class='ocrx_word' id='word_1_148' title='bbox 747 1479 836 1517; x_wconf 75' lang='lat' dir='ltr'>mari,</span> <span class='ocrx_word' id='word_1_149' title='bbox 869 1483 901 1510; x_wconf 86' lang='lat' dir='ltr'>et</span> <span class='ocrx_word' id='word_1_150' title='bbox 929 1478 969 1510; x_wconf 87' lang='lat' dir='ltr'>de</span> <span class='ocrx_word' id='word_1_151' title='bbox 996 1488 1111 1520; x_wconf 81' lang='lat' dir='ltr'>magua</span> <span class='ocrx_word' id='word_1_152' title='bbox 1139 1482 1328 1519; x_wconf 84' lang='lat' dir='ltr'>tempestate</span> <span class='ocrx_word' id='word_1_153' title='bbox 1358 1477 1390 1508; x_wconf 87' lang='lat' dir='ltr'>in</span> <span class='ocrx_word' id='word_1_154' title='bbox 1426 1478 1692 1519; x_wconf 80' lang='lat' dir='ltr'>tranquillitatem</span> 
     </span>
     <span class='ocr_line' id='line_1_22' title="bbox 367 1533 947 1575; baseline -0.007 -8"><span class='ocrx_word' id='word_1_155' title='bbox 367 1535 527 1572; x_wconf 78' lang='lat' dir='ltr'>continuo,</span> <span class='ocrx_word' id='word_1_156' title='bbox 546 1540 654 1566; x_wconf 90' lang='lat' dir='ltr'>orante</span> <span class='ocrx_word' id='word_1_157' title='bbox 670 1533 749 1575; x_wconf 86' lang='lat' dir='ltr'>ipso,</span> <span class='ocrx_word' id='word_1_158' title='bbox 767 1537 947 1565; x_wconf 70' lang='lat' dir='ltr'>conversam.</span> 
     </span>
    </p>

    <p class='ocr_par' dir='ltr' id='par_1_16' title="bbox 303 1582 1692 1630">
     <span class='ocr_line' id='line_1_23' title="bbox 303 1582 1692 1630; baseline -0.006 -9"><span class='ocrx_word' id='word_1_159' title='bbox 303 1590 354 1621; x_wconf 90' lang='lat' dir='ltr'>De</span> <span class='ocrx_word' id='word_1_160' title='bbox 369 1589 467 1621; x_wconf 87' lang='lat' dir='ltr'>altero</span> <span class='ocrx_word' id='word_1_161' title='bbox 483 1589 550 1630; x_wconf 88' lang='lat' dir='ltr'>ejus</span> <span class='ocrx_word' id='word_1_162' title='bbox 566 1587 717 1629; x_wconf 82' lang='lat' dir='ltr'>periculo,</span> <span class='ocrx_word' id='word_1_163' title='bbox 741 1593 773 1618; x_wconf 84' lang='lat' dir='ltr'>et</span> <span class='ocrx_word' id='word_1_164' title='bbox 786 1587 824 1618; x_wconf 86' lang='lat' dir='ltr'>de</span> <span class='ocrx_word' id='word_1_165' title='bbox 841 1591 949 1618; x_wconf 87' lang='lat' dir='ltr'>sancto</span> <span class='ocrx_word' id='word_1_166' title='bbox 968 1583 1151 1617; x_wconf 86' lang='lat' dir='ltr'>Cainnecho</span> <span class='ocrx_word' id='word_1_167' title='bbox 1167 1594 1225 1626; x_wconf 88' lang='lat' dir='ltr'>pro</span> <span class='ocrx_word' id='word_1_168' title='bbox 1240 1583 1308 1625; x_wconf 89' lang='lat' dir='ltr'>ipso</span> <span class='ocrx_word' id='word_1_169' title='bbox 1321 1588 1353 1615; x_wconf 89' lang='lat' dir='ltr'>et</span> <span class='ocrx_word' id='word_1_170' title='bbox 1369 1582 1459 1614; x_wconf 82' lang='lat' dir='ltr'>sociis</span> <span class='ocrx_word' id='word_1_171' title='bbox 1475 1583 1542 1624; x_wconf 82' lang='lat' dir='ltr'>ejus</span> <span class='ocrx_word' id='word_1_172' title='bbox 1558 1588 1692 1614; x_wconf 83' lang='lat' dir='ltr'>orante¹¹.</span> 
     </span>
    </p>

    <p class='ocr_par' dir='ltr' id='par_1_17' title="bbox 304 1637 1136 1683">
     <span class='ocr_line' id='line_1_24' title="bbox 304 1637 1136 1683; baseline -0.01 -8"><span class='ocrx_word' id='word_1_173' title='bbox 304 1643 356 1674; x_wconf 92' lang='lat' dir='ltr'>De</span> <span class='ocrx_word' id='word_1_174' title='bbox 371 1642 484 1675; x_wconf 80' lang='lat' dir='ltr'>baculo</span> <span class='ocrx_word' id='word_1_175' title='bbox 500 1642 532 1673; x_wconf 88' lang='lat' dir='ltr'>in</span> <span class='ocrx_word' id='word_1_176' title='bbox 548 1645 644 1683; x_wconf 90' lang='lat' dir='ltr'>portu</span> <span class='ocrx_word' id='word_1_177' title='bbox 659 1639 759 1671; x_wconf 82' lang='lat' dir='ltr'>sancti</span> <span class='ocrx_word' id='word_1_178' title='bbox 775 1638 950 1672; x_wconf 84' lang='lat' dir='ltr'>Cainneehi</span> <span class='ocrx_word' id='word_1_179' title='bbox 965 1637 1136 1680; x_wconf 79' lang='lat' dir='ltr'>neglect00.</span> 
     </span>
    </p>
   </div>
   <div class='ocr_carea' id='block_1_6' title="bbox 302 1727 1691 1792">
    <p class='ocr_par' dir='ltr' id='par_1_18' title="bbox 302 1727 1691 1792">
     <span class='ocr_line' id='line_1_25' title="bbox 351 1727 1691 1760; baseline -0.008 -1"><span class='ocrx_word' id='word_1_180' title='bbox 351 1739 401 1753; x_wconf 48' lang='lat'>²²27</span> <span class='ocrx_word' id='word_1_181' title='bbox 414 1737 506 1758; x_wconf 79' lang='lat' dir='ltr'>rubrica</span> <span class='ocrx_word' id='word_1_182' title='bbox 519 1736 548 1758; x_wconf 89' lang='lat' dir='ltr'>B.</span> <span class='ocrx_word' id='word_1_183' title='bbox 624 1736 643 1751; x_wconf 75' lang='lat'>22</span> <span class='ocrx_word' id='word_1_184' title='bbox 658 1735 685 1756; x_wconf 87' lang='lat' dir='ltr'>de</span> <span class='ocrx_word' id='word_1_185' title='bbox 697 1734 725 1756; x_wconf 89' lang='lat' dir='ltr'>B.</span> <span class='ocrx_word' id='word_1_186' title='bbox 797 1734 816 1750; x_wconf 77' lang='lat'>2³</span> <span class='ocrx_word' id='word_1_187' title='bbox 828 1741 870 1756; x_wconf 87' lang='lat' dir='ltr'>om.</span> <span class='ocrx_word' id='word_1_188' title='bbox 883 1732 911 1755; x_wconf 86' lang='lat' dir='ltr'>B.</span> <span class='ocrx_word' id='word_1_189' title='bbox 982 1732 1033 1748; x_wconf 62' lang='lat'>24‘26</span> <span class='ocrx_word' id='word_1_190' title='bbox 1044 1729 1146 1760; x_wconf 78' lang='lat' dir='ltr'>capitula</span> <span class='ocrx_word' id='word_1_191' title='bbox 1158 1729 1252 1752; x_wconf 85' lang='lat' dir='ltr'>secundi</span> <span class='ocrx_word' id='word_1_192' title='bbox 1263 1728 1317 1751; x_wconf 83' lang='lat' dir='ltr'>libri</span> <span class='ocrx_word' id='word_1_193' title='bbox 1328 1727 1441 1756; x_wconf 82' lang='lat' dir='ltr'>incipiunt</span> <span class='ocrx_word' id='word_1_194' title='bbox 1453 1727 1480 1749; x_wconf 89' lang='lat' dir='ltr'>B.</span> <span class='ocrx_word' id='word_1_195' title='bbox 1547 1728 1567 1742; x_wconf 73' lang='lat'>²⁵</span> <span class='ocrx_word' id='word_1_196' title='bbox 1579 1727 1650 1749; x_wconf 72' lang='lat' dir='ltr'>oritur</span> <span class='ocrx_word' id='word_1_197' title='bbox 1663 1727 1691 1749; x_wconf 86' lang='lat' dir='ltr'>D.</span> 
     </span>
     <span class='ocr_line' id='line_1_26' title="bbox 302 1767 660 1792; baseline -0.011 0"><span class='ocrx_word' id='word_1_198' title='bbox 302 1771 353 1786; x_wconf 45' lang='lat'>²⁴²⁹</span> <span class='ocrx_word' id='word_1_199' title='bbox 365 1770 394 1792; x_wconf 82' lang='lat' dir='ltr'>A.</span> <span class='ocrx_word' id='word_1_200' title='bbox 409 1769 435 1792; x_wconf 91' lang='lat' dir='ltr'>C.</span> <span class='ocrx_word' id='word_1_201' title='bbox 448 1769 479 1791; x_wconf 91' lang='lat' dir='ltr'>D.</span> <span class='ocrx_word' id='word_1_202' title='bbox 493 1768 520 1790; x_wconf 89' lang='lat' dir='ltr'>F.</span> <span class='ocrx_word' id='word_1_203' title='bbox 535 1768 558 1791; x_wconf 91' lang='lat' dir='ltr'>S.</span> <span class='ocrx_word' id='word_1_204' title='bbox 576 1775 619 1790; x_wconf 87' lang='lat' dir='ltr'>om.</span> <span class='ocrx_word' id='word_1_205' title='bbox 633 1767 660 1789; x_wconf 85' lang='lat' dir='ltr'>B.</span> 
     </span>
    </p>
   </div>
   <div class='ocr_carea' id='block_1_7' title="bbox 303 1839 1693 1921">
    <p class='ocr_par' dir='ltr' id='par_1_19' title="bbox 303 1839 1693 1921">
     <span class='ocr_line' id='line_1_27' title="bbox 335 1839 1693 1879; baseline -0.008 -6"><span class='ocrx_word' id='word_1_206' title='bbox 335 1855 343 1865; x_wconf 67' lang='lat'><strong>³</strong></span> <span class='ocrx_word' id='word_1_207' title='bbox 356 1849 418 1873; x_wconf 87' lang='lat' dir='ltr'>Cod.</span> <span class='ocrx_word' id='word_1_208' title='bbox 432 1850 463 1872; x_wconf 82' lang='lat' dir='ltr'>A.</span> <span class='ocrx_word' id='word_1_209' title='bbox 475 1849 521 1872; x_wconf 87' lang='lat' dir='ltr'>has</span> <span class='ocrx_word' id='word_1_210' title='bbox 539 1856 571 1871; x_wconf 90' lang='lat' dir='ltr'>uo</span> <span class='ocrx_word' id='word_1_211' title='bbox 589 1846 697 1879; x_wconf 78' lang='lat' dir='ltr'>capitula</span> <span class='ocrx_word' id='word_1_212' title='bbox 715 1846 755 1870; x_wconf 80' lang='lat' dir='ltr'>for</span> <span class='ocrx_word' id='word_1_213' title='bbox 771 1846 815 1870; x_wconf 90' lang='lat' dir='ltr'>the</span> <span class='ocrx_word' id='word_1_214' title='bbox 833 1845 926 1869; x_wconf 85' lang='lat' dir='ltr'>second</span> <span class='ocrx_word' id='word_1_215' title='bbox 941 1852 970 1868; x_wconf 89' lang='lat' dir='ltr'>or</span> <span class='ocrx_word' id='word_1_216' title='bbox 1021 1844 1065 1867; x_wconf 81' lang='lat' dir='ltr'>the</span> <span class='ocrx_word' id='word_1_217' title='bbox 1086 1843 1208 1874; x_wconf 83' lang='lat' dir='ltr'>chapters</span> <span class='ocrx_word' id='word_1_218' title='bbox 1226 1842 1252 1865; x_wconf 89' lang='lat' dir='ltr'>in</span> <span class='ocrx_word' id='word_1_219' title='bbox 1271 1841 1332 1866; x_wconf 82' lang='lat' dir='ltr'>eod.</span> <span class='ocrx_word' id='word_1_220' title='bbox 1355 1840 1395 1869; x_wconf 87' lang='lat' dir='ltr'>B.,</span> <span class='ocrx_word' id='word_1_221' title='bbox 1418 1848 1482 1872; x_wconf 83' lang='lat' dir='ltr'>vary</span> <span class='ocrx_word' id='word_1_222' title='bbox 1500 1839 1566 1863; x_wconf 83' lang='lat' dir='ltr'>from</span> <span class='ocrx_word' id='word_1_223' title='bbox 1589 1839 1647 1863; x_wconf 78' lang='lat' dir='ltr'>that</span> <span class='ocrx_word' id='word_1_224' title='bbox 1668 1840 1693 1862; x_wconf 85' lang='lat' dir='ltr'>in</span> 
     </span>
     <span class='ocr_line' id='line_1_28' title="bbox 303 1885 1128 1921; baseline -0.008 -6"><span class='ocrx_word' id='word_1_225' title='bbox 303 1891 371 1915; x_wconf 78' lang='lat' dir='ltr'>third</span> <span class='ocrx_word' id='word_1_226' title='bbox 384 1891 471 1919; x_wconf 82' lang='lat' dir='ltr'>books,</span> <span class='ocrx_word' id='word_1_227' title='bbox 485 1891 535 1914; x_wconf 87' lang='lat' dir='ltr'>and</span> <span class='ocrx_word' id='word_1_228' title='bbox 547 1890 590 1914; x_wconf 84' lang='lat' dir='ltr'>the</span> <span class='ocrx_word' id='word_1_229' title='bbox 602 1892 707 1921; x_wconf 80' lang='lat' dir='ltr'>present</span> <span class='ocrx_word' id='word_1_230' title='bbox 720 1896 764 1912; x_wconf 83' lang='lat' dir='ltr'>are</span> <span class='ocrx_word' id='word_1_231' title='bbox 777 1887 893 1919; x_wconf 86' lang='lat' dir='ltr'>supplied</span> <span class='ocrx_word' id='word_1_232' title='bbox 905 1887 971 1910; x_wconf 82' lang='lat' dir='ltr'>from</span> <span class='ocrx_word' id='word_1_233' title='bbox 1023 1885 1082 1909; x_wconf 90' lang='lat' dir='ltr'>Cod.</span> <span class='ocrx_word' id='word_1_234' title='bbox 1097 1885 1128 1908; x_wconf 87' lang='grc' dir='ltr'>Α.</span> 
     </span>
    </p>
   </div>
   <div class='ocr_carea' id='block_1_8' title="bbox 302 1926 1530 2134">
    <p class='ocr_par' dir='ltr' id='par_1_20' title="bbox 302 1926 1530 2134">
     <span class='ocr_line' id='line_1_29' title="bbox 303 1926 1477 1963; baseline -0.009 -6"><span class='ocrx_word' id='word_1_235' title='bbox 303 1933 364 1957; x_wconf 78' lang='lat' dir='ltr'>eod.</span> <span class='ocrx_word' id='word_1_236' title='bbox 380 1933 417 1961; x_wconf 66' lang='lat'>13„</span> <span class='ocrx_word' id='word_1_237' title='bbox 431 1933 520 1961; x_wconf 84' lang='lat' dir='ltr'>which,</span> <span class='ocrx_word' id='word_1_238' title='bbox 533 1932 631 1963; x_wconf 77' lang='lat' dir='ltr'>though</span> <span class='ocrx_word' id='word_1_239' title='bbox 644 1931 673 1954; x_wconf 84' lang='lat' dir='ltr'>of</span> <span class='ocrx_word' id='word_1_240' title='bbox 682 1931 787 1954; x_wconf 81' lang='lat' dir='ltr'>inferior</span> <span class='ocrx_word' id='word_1_241' title='bbox 801 1937 856 1962; x_wconf 68' lang='lat' dir='ltr'>age,</span> <span class='ocrx_word' id='word_1_242' title='bbox 869 1937 914 1953; x_wconf 82' lang='lat' dir='ltr'>are</span> <span class='ocrx_word' id='word_1_243' title='bbox 929 1937 971 1952; x_wconf 87' lang='lat' dir='ltr'>en·</span> <span class='ocrx_word' id='word_1_244' title='bbox 1055 1928 1064 1943; x_wconf 53' lang='grc' dir='ltr'>δ</span> <span class='ocrx_word' id='word_1_245' title='bbox 1076 1928 1139 1958; x_wconf 87' lang='lat' dir='ltr'>Cap.</span> <span class='ocrx_word' id='word_1_246' title='bbox 1155 1934 1175 1950; x_wconf 90' lang='lat'>1.</span> <span class='ocrx_word' id='word_1_247' title='bbox 1356 1926 1366 1940; x_wconf 77' lang='lat'>’¹</span> <span class='ocrx_word' id='word_1_248' title='bbox 1378 1926 1440 1956; x_wconf 89' lang='lat' dir='ltr'>Cap.</span> <span class='ocrx_word' id='word_1_249' title='bbox 1455 1932 1477 1953; x_wconf 74' lang='lat'>7.</span> 
     </span>
     <span class='ocr_line' id='line_1_30' title="bbox 302 1968 1530 2004; baseline -0.007 -6"><span class='ocrx_word' id='word_1_250' title='bbox 302 1975 377 1999; x_wconf 74' lang='lat' dir='ltr'>titled</span> <span class='ocrx_word' id='word_1_251' title='bbox 393 1978 420 1998; x_wconf 90' lang='lat' dir='ltr'>to</span> <span class='ocrx_word' id='word_1_252' title='bbox 438 1982 506 1998; x_wconf 82' lang='lat' dir='ltr'>some</span> <span class='ocrx_word' id='word_1_253' title='bbox 524 1973 722 1999; x_wconf 79' lang='lat' dir='ltr'>consideration,</span> <span class='ocrx_word' id='word_1_254' title='bbox 741 1980 769 1996; x_wconf 87' lang='lat' dir='ltr'>as</span> <span class='ocrx_word' id='word_1_255' title='bbox 787 1973 847 2004; x_wconf 82' lang='lat' dir='ltr'>they</span> <span class='ocrx_word' id='word_1_256' title='bbox 864 1979 908 1995; x_wconf 83' lang='lat' dir='ltr'>are</span> <span class='ocrx_word' id='word_1_257' title='bbox 925 1975 971 1995; x_wconf 83' lang='lat' dir='ltr'>not</span> <span class='ocrx_word' id='word_1_258' title='bbox 1054 1974 1062 1985; x_wconf 75' lang='lat'><em>‘</em></span> <span class='ocrx_word' id='word_1_259' title='bbox 1078 1970 1139 2000; x_wconf 85' lang='lat' dir='ltr'>Cap.</span> <span class='ocrx_word' id='word_1_260' title='bbox 1154 1976 1177 1992; x_wconf 88' lang='lat'>2.</span> <span class='ocrx_word' id='word_1_261' title='bbox 1357 1973 1362 1982; x_wconf 89' lang='lat'>¹</span> <span class='ocrx_word' id='word_1_262' title='bbox 1379 1968 1458 1998; x_wconf 80' lang='lat' dir='ltr'>Capp.</span> <span class='ocrx_word' id='word_1_263' title='bbox 1472 1968 1494 1994; x_wconf 84' lang='lat'>8,</span> <span class='ocrx_word' id='word_1_264' title='bbox 1510 1975 1530 1997; x_wconf 87' lang='lat'>9.</span> 
     </span>
     <span class='ocr_line' id='line_1_31' title="bbox 303 2010 1494 2048; baseline -0.008 -7"><span class='ocrx_word' id='word_1_265' title='bbox 303 2017 395 2041; x_wconf 82' lang='lat' dir='ltr'>servile</span> <span class='ocrx_word' id='word_1_266' title='bbox 418 2017 575 2048; x_wconf 80' lang='lat' dir='ltr'>transcripts</span> <span class='ocrx_word' id='word_1_267' title='bbox 599 2016 627 2039; x_wconf 83' lang='lat' dir='ltr'>of</span> <span class='ocrx_word' id='word_1_268' title='bbox 645 2016 688 2039; x_wconf 83' lang='lat' dir='ltr'>the</span> <span class='ocrx_word' id='word_1_269' title='bbox 713 2015 785 2039; x_wconf 81' lang='lat' dir='ltr'>titles</span> <span class='ocrx_word' id='word_1_270' title='bbox 804 2014 920 2046; x_wconf 81' lang='lat' dir='ltr'>prefixed</span> <span class='ocrx_word' id='word_1_271' title='bbox 943 2018 971 2038; x_wconf 90' lang='lat' dir='ltr'>to</span> <span class='ocrx_word' id='word_1_272' title='bbox 1053 2012 1063 2027; x_wconf 70' lang='lat'>⁴³</span> <span class='ocrx_word' id='word_1_273' title='bbox 1076 2012 1139 2042; x_wconf 86' lang='lat' dir='ltr'>Cap.</span> <span class='ocrx_word' id='word_1_274' title='bbox 1154 2018 1176 2040; x_wconf 85' lang='lat'>3.</span> <span class='ocrx_word' id='word_1_275' title='bbox 1357 2011 1365 2025; x_wconf 49' lang='lat' dir='ltr'><strong>k</strong></span> <span class='ocrx_word' id='word_1_276' title='bbox 1380 2010 1446 2040; x_wconf 85' lang='lat' dir='ltr'>Cap:</span> <span class='ocrx_word' id='word_1_277' title='bbox 1459 2016 1494 2031; x_wconf 91' lang='lat'>10.</span> 
     </span>
     <span class='ocr_line' id='line_1_32' title="bbox 303 2052 1494 2090; baseline -0.008 -7"><span class='ocrx_word' id='word_1_278' title='bbox 303 2061 346 2084; x_wconf 83' lang='lat' dir='ltr'>the</span> <span class='ocrx_word' id='word_1_279' title='bbox 367 2059 496 2090; x_wconf 79' lang='lat' dir='ltr'>chapters.</span> <span class='ocrx_word' id='word_1_280' title='bbox 532 2059 555 2082; x_wconf 85' lang='lat' dir='ltr'>lt</span> <span class='ocrx_word' id='word_1_281' title='bbox 572 2058 623 2081; x_wconf 86' lang='lat' dir='ltr'>will</span> <span class='ocrx_word' id='word_1_282' title='bbox 640 2058 671 2081; x_wconf 85' lang='lat' dir='ltr'>be</span> <span class='ocrx_word' id='word_1_283' title='bbox 688 2065 747 2081; x_wconf 81' lang='lat' dir='ltr'>seen</span> <span class='ocrx_word' id='word_1_284' title='bbox 765 2057 798 2088; x_wconf 83' lang='lat' dir='ltr'>by</span> <span class='ocrx_word' id='word_1_285' title='bbox 810 2057 854 2080; x_wconf 84' lang='lat' dir='ltr'>the</span> <span class='ocrx_word' id='word_1_286' title='bbox 872 2056 971 2080; x_wconf 80' lang='lat' dir='ltr'>follow·</span> <span class='ocrx_word' id='word_1_287' title='bbox 1053 2060 1062 2069; x_wconf 55' lang='grc' dir='ltr'><strong>Θ</strong></span> <span class='ocrx_word' id='word_1_288' title='bbox 1077 2055 1138 2085; x_wconf 87' lang='lat' dir='ltr'>Cap.</span> <span class='ocrx_word' id='word_1_289' title='bbox 1152 2061 1176 2082; x_wconf 82' lang='lat'>4.</span> <span class='ocrx_word' id='word_1_290' title='bbox 1356 2052 1361 2067; x_wconf 91' lang='lat'><strong>¹</strong></span> <span class='ocrx_word' id='word_1_291' title='bbox 1378 2052 1440 2082; x_wconf 86' lang='lat' dir='ltr'>Cap.</span> <span class='ocrx_word' id='word_1_292' title='bbox 1457 2059 1494 2074; x_wconf 85' lang='lat'>11.</span> 
     </span>
     <span class='ocr_line' id='line_1_33' title="bbox 303 2096 1493 2134; baseline -0.007 -8"><span class='ocrx_word' id='word_1_293' title='bbox 303 2103 347 2134; x_wconf 88' lang='lat' dir='ltr'>ing</span> <span class='ocrx_word' id='word_1_294' title='bbox 363 2101 507 2125; x_wconf 82' lang='lat' dir='ltr'>references</span> <span class='ocrx_word' id='word_1_295' title='bbox 524 2100 590 2127; x_wconf 82' lang='lat' dir='ltr'>that.</span> <span class='ocrx_word' id='word_1_296' title='bbox 610 2100 636 2122; x_wconf 90' lang='lat' dir='ltr'>in</span> <span class='ocrx_word' id='word_1_297' title='bbox 655 2107 724 2123; x_wconf 85' lang='lat' dir='ltr'>some</span> <span class='ocrx_word' id='word_1_298' title='bbox 740 2099 880 2127; x_wconf 80' lang='lat' dir='ltr'>instanees‚</span> <span class='ocrx_word' id='word_1_299' title='bbox 898 2098 970 2122; x_wconf 84' lang='lat' dir='ltr'>these</span> <span class='ocrx_word' id='word_1_300' title='bbox 1054 2098 1062 2113; x_wconf 77' lang='lat' dir='ltr'>f</span> <span class='ocrx_word' id='word_1_301' title='bbox 1078 2098 1138 2128; x_wconf 86' lang='lat' dir='ltr'>Cap.</span> <span class='ocrx_word' id='word_1_302' title='bbox 1152 2104 1177 2126; x_wconf 86' lang='lat'>5.</span> <span class='ocrx_word' id='word_1_303' title='bbox 1358 2096 1442 2126; x_wconf 76' lang='lat' dir='ltr'>&#39;¹¹Cap.</span> <span class='ocrx_word' id='word_1_304' title='bbox 1457 2103 1493 2118; x_wconf 86' lang='lat'>12.</span> 
     </span>
    </p>
   </div>
   <div class='ocr_carea' id='block_1_9' title="bbox 303 2138 1497 2177">
    <p class='ocr_par' dir='ltr' id='par_1_21' title="bbox 303 2138 1497 2177">
     <span class='ocr_line' id='line_1_34' title="bbox 303 2138 1497 2177; baseline -0.007 -9"><span class='ocrx_word' id='word_1_305' title='bbox 303 2143 419 2177; x_wconf 77' lang='lat' dir='ltr'>capitula,</span> <span class='ocrx_word' id='word_1_306' title='bbox 440 2142 520 2166; x_wconf 81' lang='lat' dir='ltr'>which</span> <span class='ocrx_word' id='word_1_307' title='bbox 545 2141 700 2173; x_wconf 79' lang='lat' dir='ltr'>correspond</span> <span class='ocrx_word' id='word_1_308' title='bbox 723 2144 751 2164; x_wconf 82' lang='lat' dir='ltr'>to</span> <span class='ocrx_word' id='word_1_309' title='bbox 774 2140 818 2164; x_wconf 82' lang='lat' dir='ltr'>the</span> <span class='ocrx_word' id='word_1_310' title='bbox 845 2140 921 2164; x_wconf 78' lang='lat' dir='ltr'>order</span> <span class='ocrx_word' id='word_1_311' title='bbox 945 2140 973 2164; x_wconf 88' lang='lat' dir='ltr'>of</span> <span class='ocrx_word' id='word_1_312' title='bbox 1053 2140 1137 2170; x_wconf 75' lang='lat' dir='ltr'>sCap.</span> <span class='ocrx_word' id='word_1_313' title='bbox 1151 2138 1174 2161; x_wconf 91' lang='lat'>6.</span> <span class='ocrx_word' id='word_1_314' title='bbox 1356 2143 1366 2153; x_wconf 81' lang='lat'>⁷¹</span> <span class='ocrx_word' id='word_1_315' title='bbox 1380 2138 1441 2168; x_wconf 81' lang='lat' dir='ltr'>Cap.</span> <span class='ocrx_word' id='word_1_316' title='bbox 1458 2145 1497 2167; x_wconf 85' lang='lat'>13.</span> 
     </span>
    </p>
   </div>
  </div>
 </body>
</html>
