1914 2518
344 204 414 235 240
833 189 913 227 Vita
931 189 1053 227 Sancti
1073 190 1243 228 Columbae
1606 199 1673 239 [Lm.
1688 210 1730 230 m.

344 290 409 321 itur
433 289 515 321 libri.
571 289 711 330 Quidam
734 301 871 331 namque
894 290 1064 332 aliquando
1087 302 1169 321 unus
1193 290 1232 321 de
1255 289 1405 321 fratribus
1433 300 1537 320 coram
1560 290 1731 321 venerabili

343 344 411 375 viro
434 344 617 386 simpliciter
640 344 784 385 loquens,
811 344 869 376 Ad
891 345 1103 381 celebrandas,
1131 344 1175 375 ait
1197 344 1237 375 ad
1260 343 1423 380 Sanctum,
1441 348 1522 380 tuas,
1543 348 1616 384 post
1637 348 1730 374 tuum

344 397 467 429 obitum
492 397 650 439 exequias,
672 403 760 429 totus
780 397 890 429 harum
914 398 1146 439 provinciarum
1169 397 1305 439 populus
1325 397 1406 428 hanc
1429 396 1553 428 *Iouam
1574 397 1731 438 remigans

719 452 817 493 Quod
836 454 968 484 verbum
991 453 1121 484 audiens
1146 452 1281 485 Sanctus
1304 457 1533 493 consequenter
1554 452 1608 489 ait,
1635 451 1665 483 O
1687 451 1732 482 mi

345 505 466 543 ⁶filiole,
493 517 556 537 non
582 511 618 537 ut
648 506 786 547 loqueris
809 506 853 537 sic
877 517 926 537 res
950 505 1123 547 ··probabit,
1149 517 1222 536 nam
1248 504 1460 546 promiscuum
1483 504 1592 546 populi
1616 504 1732 546 vulgus

346 558 432 590 nullo
448 559 542 590 modo
558 559 598 590 ad
615 571 698 591 meas
714 560 832 601 poterit
851 559 1000 601 exequias
1016 559 1141 595 venire3
1165 558 1226 589 mei
1242 558 1300 589 soli
1315 558 1482 589 familiares
1502 557 1647 589 monachi
1663 568 1732 589 mea

347 611 533 653 sepulcralia
555 612 770 654 complebunt,
805 618 837 643 et
853 611 1046 653 ⁸exequialia
1072 611 1287 643 honestabunt
1313 611 1423 642 officia.
1479 611 1575 651 Quod
1600 612 1732 643 verbum

346 666 431 707 ⁹ejus
447 666 679 708 propheticum,
703 667 810 698 statim
830 671 902 708 post
922 666 1092 697 transitum
1114 664 1223 706 ipsius,
1246 665 1475 707 omnipotentia
1490 665 1553 696 Dei
1568 664 1732 706 adimpleri

344 719 438 750 fecit:
462 730 535 750 nam
550 731 606 761 per
617 725 681 750 tres
699 719 767 750 illas
792 718 972 760 exequiales
990 718 1057 749 dies
1076 723 1109 749 et
1133 722 1277 754 ¹⁰noctes,
1294 717 1422 759 grandis
1438 717 1504 748 sine
1519 717 1627 759 pluvia
1649 718 1732 748 facta

344 457 353 471 ⁵
360 452 495 494 replebit
518 452 664 484 insulam.

344 778 392 803 est
415 778 546 804 ventosa
568 772 767 814 tempestasd,
793 783 856 813 qua
879 771 1004 803 fortiter
1028 771 1225 813 prohibente,
1252 770 1357 801 nullus
1385 770 1457 801 hinc
1483 770 1557 802 inde
1580 770 1733 802 nam‘cella

342 831 454 858 vectus
480 825 681 857 transfretare
707 830 843 867 poterat.
893 825 939 856 Et
964 830 1037 867 post
1063 830 1312 856 consummatam
1335 823 1420 855 beati
1442 823 1651 865 sepultionem
1673 824 1732 855 viri

342 879 493 911 continuo
509 885 697 921 tempestate
713 879 831 915 sedata,
848 885 881 911 et
895 884 1038 911 cessante
1052 884 1159 915 vento,
1176 884 1282 909 totum
1298 878 1537 919 tranquillatum
1550 883 1599 909 est
1614 889 1731 919 aequor.

409 931 591 973 Perpendat
606 932 713 973 itaque
728 932 828 963 lector
843 931 956 973 quanti
971 937 1003 963 et
1019 931 1120 973 qualis
1135 931 1220 972 apud
1238 930 1343 962 Deum
1359 931 1566 972 praedicabilis
1581 936 1732 972 patronus

344 985 508 1016 ”honorisf‘
532 985 694 1022 habeatur,
722 985 773 1016 cui
797 985 966 1027 aliquando
989 985 1022 1016 in
1045 996 1138 1017 carne
1164 985 1290 1016 mortali
1320 986 1519 1017 conversanti
1542 985 1613 1017 Deo
1638 985 1734 1028 12dig-

341 1044 448 1076 nante,
475 1039 612 1076 moranti,
640 1044 846 1080 tempestates
873 1038 989 1070 sedatae
1013 1044 1098 1076 sunt,
1127 1044 1160 1070 et
1185 1039 1283 1070 maria
1308 1039 1529 1080 tranquillata;
1554 1045 1586 1070 et
1611 1051 1730 1077 rursus,

341 1090 469 1132 quando
484 1102 611 1122 necesse
627 1090 748 1128 habuit,
774 1102 868 1132 supra
883 1097 1057 1122 memorata
1072 1091 1243 1128 occasione,
1269 1095 1363 1122 “orta
1387 1091 1537 1123 ¹⁵flamina
1552 1098 1730 1130 ventorum,

341 1150 375 1175 et
389 1149 530 1181 ventosa,
553 1154 626 1174 cum
642 1143 756 1180 voluit,
777 1143 928 1175 ¹⁶concita
943 1148 1018 1174 sunt
1034 1154 1170 1184 aequora,
1194 1155 1264 1184 quae
1280 1145 1519 1185 subsequenter,
1538 1150 1574 1175 ut
1589 1145 1733 1186 superius

342 1195 463 1227 dictum
480 1200 538 1233 est,
553 1195 687 1237 expletis
703 1196 772 1237 ejus
788 1195 960 1237 sepulturae
976 1195 1167 1234 ministeriis,
1181 1196 1213 1227 in
1229 1208 1377 1238 magnam
1393 1208 1543 1229 conversa
1559 1203 1634 1229 sunt
1648 1204 1734 1230 tran-

344 1249 547 1290 quillitatem.

410 1304 479 1336 ch
495 1304 604 1345 itaque
624 1309 734 1335 nostro
749 1303 941 1345 praedicabili
956 1307 1089 1344 patrono
1110 1302 1186 1334 vitae
1202 1302 1355 1334 terminus
1370 1302 1442 1340 suit,
1461 1303 1536 1334 ¹ista
1550 1303 1734 1335 meritorum

344 1358 490 1394 exordia3
515 1358 580 1399 qui,
609 1358 784 1389 seeundum
810 1356 983 1388 sententias
1002 1355 1248 1397 Scripturarum,
1266 1357 1406 1388 ²aetemis
1430 1368 1534 1388 comes
1553 1356 1733 1398 triumphis,

344 1412 495 1444 Patribus
510 1412 649 1449 additus,
665 1411 833 1454 Apostolis
849 1417 881 1442 et
895 1410 1064 1452 Prophetis
1080 1416 1251 1446 consertus,
1265 1422 1395 1442 numero
1407 1415 1601 1453 aggregatus
1616 1410 1735 1441 albato-

343 1478 414 1498 rum
428 1466 563 1498 millium
577 1466 712 1508 Agnino
727 1465 760 1496 in
777 1464 929 1507 sanguine
945 1476 1016 1496 suas
1035 1464 1223 1496 Sanctorum
1242 1464 1297 1505 qui
1312 1464 1458 1496 laverunt
1473 1464 1579 1502 stolas,
1598 1464 1734 1506 Agnum

343 1519 508 1551 ductorem
523 1519 717 1555 eomitatuxa.
741 1519 832 1561 virgo
855 1518 1087 1555 immaculatus,
1112 1518 1151 1549 ab
1167 1517 1252 1549 omni
1267 1517 1393 1559 integer
1407 1517 1488 1554 labe,
1511 1517 1580 1559 ipso
1596 1516 1735 1548 Domino

343 1578 451 1605 nostro
467 1573 492 1605 J
493 1585 549 1605 esu
565 1573 695 1606 Christo
711 1573 864 1615 dignante
878 1585 885 1603 ε
910 1573 961 1604 cui
977 1578 1025 1604 est
1041 1584 1112 1604 cum
1131 1572 1228 1604 Patre
1243 1564 1353 1609 honor,
1370 1572 1481 1609 virtus,
1504 1572 1583 1609 laus,
1608 1571 1733 1613 ³gloria‚

343 1631 376 1658 et
391 1627 559 1669 imperium
575 1626 804 1669 sempiternum
819 1626 851 1658 in
867 1626 991 1658 unitate
1009 1626 1147 1668 Spiritus
1163 1625 1281 1664 Sancti,
1299 1637 1356 1667 per
1370 1625 1475 1657 onmia
1490 1625 1602 1657 saeeula
1625 1628 1736 1656 ⁴saecu—

345 1679 458 1711 lorum.

394 1745 403 1760 4
415 1744 492 1766 ionam
509 1744 536 1766 Β.
617 1745 627 1760 ⁵
637 1743 735 1773 replevit
753 1744 782 1766 D.
860 1742 870 1757 ⁶
882 1744 948 1766 filioli
966 1744 993 1766 B.
1068 1744 1077 1759 ⁷
1090 1742 1226 1772 probabitur
1244 1741 1270 1765 C.
1341 1744 1350 1758 S
1363 1742 1512 1771 exequiarum
1525 1742 1556 1764 D.
1622 1743 1632 1757 ⁹
1643 1749 1685 1764 om.
1702 1742 1734 1764 B-

348 1777 367 1791 10
378 1784 420 1798 om.
435 1776 463 1799 D.
527 1778 542 1794 ¹¹
554 1784 597 1799 om.
612 1776 640 1798 D.
707 1778 723 1793 12
734 1777 835 1799 donante
848 1776 874 1799 F.
936 1778 954 1793 1³
967 1778 1047 1798 orante
1059 1775 1089 1797 D.
1149 1776 1199 1791 ¹⁴“15
1211 1778 1260 1797 orto
1272 1774 1364 1797 flamine
1376 1774 1395 1797 C
1415 1775 1443 1797 D.
1511 1776 1529 1791 ¹⁶
1540 1774 1655 1796 concitata
1667 1774 1694 1797 C.
1705 1774 1734 1796 D.

349 1809 355 1823 ¹
368 1808 402 1830 ita
415 1808 439 1831 C.
507 1810 517 1825 2
529 1813 628 1831 aeternus
642 1809 670 1831 D.
737 1809 746 1823 ³
758 1812 781 1831 et
793 1809 848 1831 add.
859 1809 886 1831 B.
953 1809 963 1824 4
975 1815 1043 1831 amen
1055 1808 1112 1830 add.
1123 1808 1149 1830 C.
1161 1807 1190 1829 D.
1202 1807 1226 1830 F.
1238 1807 1260 1830 S.
1296 1807 1411 1837 hucusque
1422 1807 1471 1829 vita
1484 1807 1509 1830 C.
1520 1807 1550 1828 D.
1561 1807 1585 1829 F.
1596 1806 1620 1830 S.
1639 1806 1736 1836 explicit

348 1840 398 1863 vita
410 1841 483 1863 sancti
496 1841 601 1864 columbe
614 1841 705 1864 abbatis
716 1841 748 1864 D.

377 1922 387 1937 ⁶¹
402 1921 463 1946 Sine
474 1921 560 1953 pluvia
575 1920 806 1953 tempestas.-The
821 1920 889 1944 wind
901 1920 1016 1952 blowing

347 1964 413 1987 from
425 1964 468 1987 the
482 1965 508 1988 S.
518 1964 546 1987 E.
561 1972 651 1987 causes
667 1972 683 1987 a
695 1971 757 1994 very
769 1963 866 1987 violent
877 1971 922 1987 sea
933 1963 959 1986 in
971 1963 1015 1987 the

345 2005 460 2033 channeh
474 2005 525 2029 and
537 2006 581 2029 the
593 2013 663 2029 more
676 2013 703 2029 so
713 2005 786 2029 when
797 2005 1015 2037 unaccompanied

345 2048 378 2078 by
396 2047 460 2071 rain.
495 2047 580 2071 While
592 2048 613 2071 it
628 2048 750 2079 prevaiss,
765 2047 839 2071 small
858 2047 934 2071 boats
950 2047 1014 2072 dare

345 2092 391 2113 not
404 2092 511 2113 venture
524 2097 620 2113 across.
657 2090 705 2114 See
717 2089 732 2113 i.
745 2098 761 2119 4
771 2090 808 2121 (p.
819 2089 862 2120 28)
873 2099 953 2120 supra‘

376 2138 385 2148 ²
397 2132 492 2161 Quanti
503 2136 527 2155 et
539 2131 619 2162 qualis
634 2131 834 2156 honoria—The
847 2132 913 2156 form
930 2132 959 2156 of
969 2140 1012 2156 ex-

344 2175 461 2206 pression
478 2181 569 2199 occurs
585 2175 611 2198 in
624 2174 781 2199 Adamnan's
799 2178 870 2199 tract
882 2174 925 2200 De
938 2175 1012 2199 Locis

1067 1919 1178 1944 Sanctis,
1191 1918 1275 1942 where
1288 1918 1414 1950 speaking
1426 1918 1454 1942 of
1462 1918 1606 1942 Jerusalem
1617 1918 1649 1942 he
1661 1926 1734 1950 says:

1069 1961 1162 1985 “Hine
1177 1969 1241 1993 ergo
1255 1969 1306 1984 non
1319 1961 1481 1993 negligenter
1497 1960 1672 1984 adnotandum
1683 1963 1732 1987 est.

1066 2006 1156 2038 quanti
1176 2009 1202 2029 et
1220 2005 1302 2037 qualis
1322 2005 1425 2029 honoris
1445 2005 1499 2029 haec
1521 2005 1605 2029 electa
1623 2008 1650 2028 et
1669 2013 1735 2036 prae-

1065 2049 1183 2073 dicabilis
1200 2049 1292 2072 civitas
1308 2048 1334 2071 in
1350 2046 1490 2080 conspect'u
1505 2048 1595 2072 aeterni
1609 2048 1735 2079 genitoris

1063 2091 1378 2120 habeatur.”-Mabillon‚
1393 2092 1452 2114 Act.
1466 2091 1511 2115 SS.
1525 2090 1588 2114 Ord.
1601 2090 1733 2114 Benedict.

1065 2133 1127 2157 Saec.
1140 2133 1173 2156 iii.
1187 2136 1223 2164 pt.
1235 2133 1260 2156 ii.
1274 2141 1296 2164 p.
1307 2140 1353 2163 457
1368 2133 1473 2163 (Venet.
1487 2133 1567 2163 1734).

1094 2181 1105 2192 ³
1119 2176 1361 2201 Comitatur.—Rev.
1374 2176 1424 2199 xiv.
1437 2183 1461 2205 4.
