1914 2518
293 177 335 209 88
775 171 866 225 vVita
883 170 1005 208 Sancti
1025 169 1198 208 Columba>

290 273 415 310 cecidit,
432 284 470 304 ne
486 273 619 304 verbum
645 270 753 303 Sancti
769 271 834 302 ullo
849 271 1055 302 frustraretur
1070 270 1174 301 modo.

1585 181 1650 216 [Lm.
1667 189 1684 208 1.

1222 268 1318 300 Unde
1339 268 1372 300 in
1393 268 1503 300 eodem
1522 268 1592 300 loco
1612 275 1685 301 ante

286 327 419 367 januam
435 325 570 357 eanabae⁰
588 336 666 356 crux
688 323 785 354 infixa
800 329 858 361 est,
882 329 914 355 et
937 323 1035 354 altera
1051 322 1106 354 ubi
1126 323 1260 353 Sanctus
1283 321 1409 358 restitit,
1433 321 1487 353 illo
1510 321 1683 363 expirante,

292 379 435 411 similiter
453 384 556 410 ¹⁰crux
574 377 756 419 ¹1hodieque
772 377 869 408 infixa
884 376 971 408 statd.

461 526 514 551 ἱΒΕ
533 531 697 552 MACUJUS
716 530 855 551 PLEBEII
874 529 1063 550 FAMILIOLA
1080 529 1197 550 SANCTI
1217 529 1414 550 PROPHETIA
1431 530 1511 551 VIRI-

360 605 454 635 Amo
479 614 608 645 quoque
631 603 678 633 ²in
703 609 855 644 tempore,
885 601 1014 642 quidam
1038 600 1122 632 inter
1151 605 1272 632 ceteros
1299 601 1338 632 ad
1365 601 1518 633 Sanctum
1545 602 1686 643 plebeius

293 659 380 690 venit
396 658 443 689 ὂ111
458 657 528 689 loeo
545 657 758 699 hospitantem
771 654 827 696 qui
842 658 852 674 4
862 654 986 686 Scotioe
998 653 1157 684 vocitatur
1173 652 1267 685 Coire
1282 653 1479 690 ⁵Salohain¹¹3
1503 666 1599 696 quem
1614 666 1686 686 cum

295 711 430 742 Sanetus
446 710 486 741 ad
503 721 534 741 se
556 720 685 751 vespere
702 707 882 739 venientem
898 706 1040 743 vidisset,
1059 706 1137 743 Ubi,
1156 706 1225 744 ⁶ait,
1243 707 1366 739 habitas
1378 708 1394 739 P
1441 708 1501 740 Ille
1512 708 1628 751 inquit,
1647 709 1687 740 In

293 765 419 806 regione
436 775 507 805 quae
524 763 685 795 littoribus
702 761 807 804 stagni
823 760 1009 803 ''Crogrethb
1025 766 1073 792 est
1089 761 1301 793 ⁵³contermina
1316 773 1375 803 ego
1391 762 1543 794 inhabito.
1594 763 1686 795 Illam

835 866 850 881 1‘·
863 871 906 893 que
919 864 946 886 B.
1016 864 1029 880 ¹¹
1042 863 1110 886 hodie
1123 863 1151 886 B.

344 913 349 927 1
361 911 421 933 titul.
435 919 478 933 om.
493 911 518 933 C.
535 910 564 932 D.
579 910 605 932 F.
619 910 642 932 S.
658 909 717 931 nou.
785 910 795 924 ἲ
807 916 850 930 om.
864 907 893 929 D.
960 907 991 919 Η
1003 914 1044 928 om.
1059 905 1084 928 C.
1100 906 1129 929 D.
1143 907 1169 929 F.
1184 907 1207 930 SV
1276 909 1285 923 ⁴
1297 908 1391 930 scottice
1401 908 1427 930 B.
1495 909 1504 923 ⁵
1517 908 1545 930 A.
1559 908 1647 930 53103111
1659 908 1686 930 Β.

294 944 376 966 salt-air
388 944 454 970 male,
464 943 530 972 Colg.
544 942 603 964 Bou.
655 940 664 955 ⁶
674 942 747 970 inquit
758 941 787 963 D.

327 1040 335 1047 ’χ
352 1032 558 1057 Canuboe.⁴The
580 1032 699 1063 meaning
722 1029 847 1054 attached
866 1033 893 1052 to
914 1028 965 1052 this

295 1076 364 1099 word
377 1076 410 1108 by
425 1076 490 1099 Irish
505 1075 606 1099 writers
618 1082 676 1106 may
689 1074 719 1097 be
732 1072 835 1097 elicited
847 1072 912 1095 from
923 1071 966 1094 the

294 1118 425 1149 following
438 1117 539 1141 curious
557 1116 688 1147 example-s
698 1117 756 1138 :—“
768 1113 874 1138 Familia
887 1113 966 1145 ipsius

294 1169 344 1184 non
362 1160 451 1184 habuit
473 1159 587 1184 artifices
609 1162 636 1182 et
654 1162 804 1190 operatores
824 1157 905 1180 fortes
925 1155 967 1186 qui

294 1207 398 1235 possent
413 1203 498 1227 facere
511 1202 636 1226 eanabam
650 1201 682 1225 ad
696 1201 780 1232 spicas
795 1198 929 1223 siccandas
943 1202 968 1221 et

294 1246 464 1274 triturandas,
483 1245 527 1269 sed
545 1252 621 1277 super
639 1244 735 1267 nudum
753 1243 926 1275 pavimentum
943 1241 968 1263 111

296 1298 385 1321 campo
403 1288 676 1313 triturabant.”-Vit.
692 1288 716 1312 S.
731 1286 871 1315 Kannechi,
891 1294 911 1309 c.
929 1292 966 1315 33.

295 1334 332 1364 (p.
345 1341 381 1356 20.
396 1332 442 1355 Ed.
456 1331 604 1362 Ormonde.)
647 1333 660 1343 ‘¹
672 1329 789 1358 Quodam
808 1328 848 1352 die
867 1335 923 1351 eum
943 1328 967 1352 S.

297 1375 426 1398 Kiaranus
444 1375 470 1397 in
487 1373 543 1397 loco
562 1373 604 1404 qui
623 1372 719 1396 dicitur
735 1371 827 1396 Cluain
846 1370 968 1402 qusythe

297 1418 341 1448 [on
359 1418 401 1442 the
421 1416 553 1447 shannon]
575 1415 640 1439 vidit
659 1415 745 1438 navim
766 1421 843 1446 super
863 1413 967 1437 fluvium

295 1460 414 1491 positam,
425 1454 449 1483 et
460 1459 525 1482 vidit
536 1458 654 1482 zabulum
666 1465 743 1489 super
754 1457 837 1488 ripam
847 1456 965 1483 1101111015,

295 1506 321 1525 et
334 1506 391 1526 erat
404 1502 430 1525 111
441 1509 470 1525 eo
482 1504 540 1524 rota
554 1500 585 1524 de
598 1500 681 1532 virgis
694 1502 818 1523 contexta
830 1498 905 1530 plena
918 1498 967 1529 spi-

296 1547 333 1569 cis
351 1545 405 1577 igni
423 1543 564 1577 supposita,
577 1547 606 1567 ut
624 1544 784 1567 siccarentur
799 1542 832 1566 ad
845 1542 968 1565 trituran-

296 1589 356 1612 dum
375 1588 513 1612 seeundum
531 1594 626 1610 morem
645 1585 851 1611 occidentalium,
873 1584 899 1607 id
917 1587 965 1610 est,

297 1633 422 1656 Britaniae
441 1635 468 1655 et
486 1631 630 1663 Hyberniae.
667 1630 701 1653 Et
719 1629 785 1653 dixit
799 1629 823 1652 S.
840 1628 968 1652 Kiaranus

297 1677 446 1708 prophetice
465 1677 539 1700 sociis
559 1676 610 1699 suis
629 1677 736 1703 secrete,
757 1673 804 1697 1113
821 1673 894 1696 navis
913 1680 968 1703 quze

297 1724 337 1744 est
351 1728 427 1752 super
439 1727 520 1751 aquas
533 1718 607 1743 hodie
621 1718 795 1745 comburetur,
810 1720 836 1740 et
851 1715 969 1743 zabulum

298 1762 365 1793 quod
377 1766 417 1786 est
431 1770 508 1793 super
520 1765 618 1785 terram
630 1763 769 1792 mergetur.
801 1759 852 1782 11115
866 1762 966 1782 coutra-

299 1804 444 1828 dicentibus
462 1808 487 1827 et
505 1803 702 1831 admirantibus,
718 1802 755 1826 ait
771 1802 815 1830 eis,
832 1804 968 1832 expectate

298 1847 432 1874 modicum.
452 1850 479 1870 et
497 1846 618 1870 videbitis
639 1845 718 1869 oculis
737 1844 847 1868 vestris:
867 1848 893 1867 et
911 1843 969 1866 ilico

298 1889 342 1913 illa
354 1888 473 1912 navicula
485 1888 515 1911 de
528 1895 595 1919 aqua
607 1894 683 1919 super
696 1890 793 1910 terram
805 1885 907 1909 elevata
919 1888 967 1912 est,

298 1935 325 1956 et
337 1931 422 1963 posita
433 1931 459 1954 in
477 1930 601 1954 canabam
613 1933 642 1953 ut
656 1929 726 1953 rimae
738 1932 764 1952 et
777 1928 901 1952 fracturae
913 1928 969 1958 ejus

297 1974 332 1997 ibi
353 1973 578 2004 conjungerentur.
614 1972 648 1995 Et
662 1978 770 1995 accenso
785 1978 850 2002 rogo
866 1969 910 1993 illa
929 1977 970 1993 ca-

297 2016 366 2040 naba
378 2015 512 2039 combusta
524 2019 571 2043 est,
582 2017 608 2038 et
620 2014 692 2038 navis
705 2015 731 2037 in
741 2013 823 2036 medio
835 2014 889 2044 ejus
903 2012 970 2036 simi·

297 2060 358 2083 liter
370 2057 504 2082 combusta
516 2060 568 2084 est;
583 2061 608 2080 et
622 2056 740 2080 zabulum
753 2059 838 2079 autem
851 2058 970 2078 eruentes

299 2102 348 2125 viri
365 2101 446 2125 fortes
459 2108 475 2124 a
486 2102 558 2123 terra
577 2099 742 2130 projecerunt
760 2097 823 2121 illud
833 2097 864 2121 de
876 2097 933 2128 ripa
945 2097 970 2120 in

258 2171 262 2173 ,
300 2145 399 2172 flumen,
420 2146 446 2167 et
464 2143 498 2166 ibi
519 2149 629 2165 mersum
648 2140 796 2164 est.'’-Vit.
813 2141 837 2164 S.
854 2139 969 2167 Kiarani,

839 941 847 956 7
858 946 912 968 erog
924 939 973 961 reth
985 938 1013 961 A.
1043 939 1164 962 crochreth
1173 939 1201 962 B.
1212 947 1254 962 om.
1270 939 1296 962 C.
1310 939 1338 962 D.
1350 940 1375 963 F.
1388 940 1411 963 S.

1463 941 1472 955 ⁸
1481 941 1650 963 conterminata
1659 941 1687 962 l).

1018 1036 1038 1051 c.
1056 1037 1091 1052 12.

1018 1080 1081 1103 sary.

1049 1115 1059 1130 ‘³
1074 1114 1200 1139 Scan-lt
1210 1122 1262 1138 was
1272 1114 1345 1138 usual
1354 1122 1447 1146 among
1454 1114 1498 1138 the
1507 1114 1571 1138 Irish
1581 1118 1609 1138 to
1616 1114 1689 1138 mark

1020 1156 1080 1179 with
1094 1164 1109 1180 a
1125 1164 1196 1180 cross
1212 1157 1255 1180 the
1271 1160 1329 1188 spot
1349 1157 1432 1180 where
1449 1164 1499 1188 any
1517 1156 1690 1188 providential

1020 1199 1153 1223 visitation
1165 1199 1225 1223 took
1238 1199 1318 1231 place.
1355 1200 1402 1224 See
1416 1200 1449 1223 iii.
1464 1207 1502 1230 23,
1516 1200 1591 1231 infra.
1619 1199 1689 1223 “Ubi

1019 1248 1085 1264 nunc
1099 1249 1178 1272 usque
1195 1249 1259 1265 crux
1274 1241 1384 1266 habetur
1401 1243 1426 1265 in
1439 1242 1561 1274 signum.”
1595 1242 1648 1266 Vit.
1663 1242 1688 1266 S.

1020 1283 1136 1307 Patrieii.
1171 1284 1239 1315 (Lib.
1254 1285 1394 1314 Armaoan,
1406 1285 1448 1308 fol.
1464 1293 1475 1315 3
1485 1294 1498 1308 ιι
1508 1285 1544 1316 α.)

1052 1330 1061 1340 ³
1077 1324 1150 1349 Coire
1157 1325 1377 1350 salehaim—The
1387 1334 1431 1349 use
1440 1326 1468 1350 of
1475 1326 1518 1350 the
1527 1325 1598 1350 word
1609 1325 1690 1356 Coire,

1019 1368 1070 1392 and
1080 1368 1123 1391 the
1135 1368 1284 1400 expression
1295 1368 1395 1392 barbari
1404 1373 1548 1395 vathores,
1562 1368 1690 1400 referring

1018 1410 1144 1442 probably
1156 1414 1184 1434 to
1196 1411 1239 1434 the
1252 1411 1323 1434 Piets
1336 1419 1366 1434 or
1379 1411 1487 1438 Saxons,
1508 1418 1575 1434 seem
1587 1414 1614 1434 to
1626 1410 1691 1434 indi-

1019 1456 1077 1476 cate
1096 1453 1218 1476 Scotland
1236 1461 1264 1476 as
1282 1453 1324 1477 the
1343 1461 1418 1477 scene
1436 1453 1465 1476 of
1480 1453 1530 1477 this
1549 1453 1690 1477 narrative.

1021 1496 1077 1519 The
1087 1499 1154 1520 term
1163 1496 1247 1524 Coire,
1259 1504 1287 1520 so
1295 1503 1409 1520 common
1418 1496 1443 1519 in
1452 1496 1494 1520 the
1504 1496 1597 1520 Scoteh
1608 1496 1691 1528 High-

1019 1538 1093 1562 lands
1111 1542 1139 1562 to
1157 1539 1292 1570 designate
1310 1547 1325 1562 a
1343 1539 1435 1562 hollow
1455 1547 1483 1563 or
1503 1538 1542 1563 cul
1559 1539 1588 1563 de
1606 1547 1647 1563 sac
1665 1539 1691 1562 in

1129 1029 1207 1059 (Cod.
1228 1029 1325 1053 Marsh.
1345 1029 1387 1053 fol.
1405 1037 1447 1060 ¹45
1461 1030 1522 1061 ha.)
1557 1031 1603 1054 See
1617 1030 1689 1054 Glos-

1020 1581 1063 1604 the
1081 1581 1236 1608 11101111ῒυί115,
1256 1581 1277 1604 is
1296 1581 1412 1612 scarcely
1429 1581 1523 1604 known
1540 1581 1565 1604 in
1579 1581 1688 1605 Ireland.

1022 1624 1141 1648 Sale-hain
1152 1626 1210 1656 may
1220 1624 1251 1648 be
1262 1624 1338 1648 Salen
1351 1632 1382 1648 on
1394 1625 1437 1648 the
1450 1627 1507 1648 east
1517 1623 1570 1647 side
1581 1623 1610 1648 of
1618 1624 1689 1651 Mull,

1020 1675 1081 1691 near
1092 1667 1171 1690 which
1180 1667 1201 1690 is
1210 1675 1225 1691 a
1234 1667 1323 1698 chapel
1334 1667 1416 1691 called
1426 1667 1580 1691 Collumkill.
1606 1667 1692 1690 There

1020 1710 1041 1734 is
1054 1718 1069 1734 a
1083 1710 1218 1734 Salachain
1233 1710 1259 1733 in
1272 1710 1361 1741 Upper
1378 1710 1470 1738 Lorne,
1488 1710 1604 1733 between
1622 1710 1694 1740 110011ι

1020 1753 1134 1776 Creeran
1145 1752 1193 1776 and
1204 1752 1273 1776 Loch
1286 1752 1378 1783 Appin.
1414 1752 1550 1776 Sallachan
1560 1752 1623 1784 Bay,
1637 1752 1692 1776 Sal-

1020 1794 1179 1821 lachan-isol,
1191 1794 1328 1818 Sallachan
1337 1794 1420 1823 Point,
1430 1794 1479 1818 and
1487 1793 1692 1823 Sallachan-ard,

1021 1845 1064 1860 are
1078 1836 1192 1860 situated
1208 1844 1239 1860 on
1255 1836 1299 1860 the
1316 1840 1380 1860 west
1397 1836 1451 1860 side
1468 1836 1497 1860 of
1510 1836 1553 1860 the
1569 1840 1692 1860 entrance

1021 1880 1050 1903 of
1060 1879 1130 1903 Loch
1143 1878 1190 1902 Eil.
1222 1879 1307 1902 There
1320 1879 1341 1902 is
1354 1887 1369 1902 a
1380 1878 1516 1902 Sallachan
1525 1879 1551 1902 in
1561 1872 1691 1906 Morvaeirn,

1021 1922 1137 1954 opposite
1154 1921 1236 1948 Aros:
1261 1921 1311 1945 and
1329 1929 1345 1945 a
1362 1921 1428 1945 Glen
1447 1921 1583 1945 Sallachan
1601 1929 1632 1945 on
1649 1921 1693 1944 the

1021 1965 1169 1989 south-east
1186 1964 1214 1988 of
1230 1964 1298 1988 Loch
1319 1964 1440 1993 Creeran,
1465 1963 1582 1995 opposite
1601 1962 1690 1987 Airds.

1022 2009 1124 2039 Among
1145 2007 1217 2031 these
1237 2007 1286 2030 and
1308 2007 1381 2031 other
1404 2006 1491 2038 places
1511 2006 1539 2029 of
1556 2006 1599 2029 the
1623 2013 1692 2030 same

1022 2059 1097 2075 name
1109 2051 1131 2074 it
1143 2050 1164 2074 is
1181 2050 1288 2073 difficult
1307 2053 1334 2074 to
1347 2049 1381 2073 fix
1397 2049 1440 2073 the
1457 2056 1531 2073 scene
1543 2049 1572 2073 of
1580 2049 1624 2072 the
1635 2057 1692 2081 pre—

1022 2098 1079 2118 sent
1091 2093 1233 2117 interview.

1053 2138 1064 2152 ὓ
1083 2136 1174 2168 Stayui
1195 2134 1427 2167 Croyretlzae-Not
1454 2134 1593 2158 identified.
1631 2134 1692 2158 Pro-
