1914 2518
280 192 345 226 106
766 187 847 224 Vita
865 186 986 225 Sancti
1007 186 1178 225 Columbae
1544 196 1617 234 [Lm.
1636 205 1665 225 ιι.

279 358 337 383 ¹DE
371 361 499 383 SEGETE
533 361 613 382 Pos‘r
646 360 787 381 Μεοιωι
821 359 962 380 AESTATIS

343 411 507 436 ²AcoUsT1
539 409 695 440 ³MENSIS,
730 412 858 434 SANCTO
892 412 1041 439 οκΑΝΤε,

346 469 480 489 insum..

994 358 1129 379 TEMPUS
1164 357 1346 384 snMINATA,

1077 412 1193 438 MESSA,
1232 410 1267 431 m

1382 357 1424 377 ET
1452 356 1488 377 m
1513 356 1666 378 Exonmo

1300 405 1394 431 *IOUA
1423 410 1667 431 CONVERSANTE

347 535 441 565 Amo
470 533 517 564 ⁵in
539 538 681 573 tempore
710 530 845 563 Sanctus
868 533 957 560 ⁶suos
979 528 1065 560 misit
1088 528 1257 559 monachos
1280 533 1317 559 ut
1339 528 1379 560 de
1400 528 1534 570 alicujus
1556 527 1670 570 plebeii

281 587 417 629 agellulo
433 586 594 628 virgarum
609 584 788 616 fasciculos³
803 583 843 614 ad
858 582 1031 624 hospitium
1052 582 1201 613 afferrent
1216 582 1470 613 construendum.
1517 582 1583 622 Qui
1598 593 1671 614 cum

281 641 321 672 ad
340 642 502 677 Sanctum,
529 638 685 670 ⁷oneraria
707 637 827 679 repleta
850 636 923 667 navi
947 636 986 667 de
1010 635 1197 677 supradictis
1217 634 1429 676 &virgularum
1450 635 1599 672 materiis,
1624 646 1672 667 re-

282 693 363 724 versi
378 693 533 729 venirent,
558 692 762 732 dicerentque
778 690 938 732 plebeium
953 689 1095 730 ejusdem
1111 700 1205 720 causa
1220 688 1377 730 dispendii
1393 688 1485 719 valde
1508 688 1673 720 contrista-

282 754 351 778 tum
365 758 372 783 ;
399 746 534 778 Sanctus
549 749 778 786 consequenter
793 743 977 785 praecipiens
993 742 1096 779 ⁹dicit,
1122 741 1174 773 Ne
1191 753 1266 783 ergo
1290 741 1405 772 ¹⁰illum
1427 740 1672 772 scandalizemus

282 801 396 837 virum,
413 800 453 831 ad
468 800 572 841 ipsum
587 810 605 829 a
620 798 710 830 nobis
725 798 774 829 bis
790 797 872 829 terni
888 797 1070 828 deferantur
1085 795 1195 827 hordei
1210 794 1329 831 modiib,
1346 794 1535 834 eosdemque
1549 793 1598 824 his
1614 793 1674 824 llin

283 853 394 885 diebus
417 858 504 884 arata
527 852 594 893 ipse
619 851 753 883 seminet
776 850 810 881 in
834 856 926 881 terra.
973 849 1101 889 Quibus
1116 848 1156 879 ad
1172 847 1341 889 plebeium,
1359 846 1602 878 ¹²Findchanum
1617 857 1674 877 no-

284 906 377 943 mine,
399 906 496 946 juxta
517 904 625 937 Sancti
644 903 831 945 jussionem,
849 902 962 939 missis,
989 907 1022 933 et
1043 913 1147 933 coram
1172 912 1209 932 eo
1233 911 1306 931 cum
1321 899 1378 931 tali
1402 898 1674 931 commendatione

283 959 466 1001 adsignatiS‚
488 963 651 1000 gratanter
671 957 837 999 accipiens,
858 957 913 994 ait,
937 956 1108 996 Quomodo
1129 961 1201 997 post
1216 954 1356 986 medium
1377 958 1534 985 ¹³aesteum
1549 958 1675 994 tempus

284 1024 373 1055 seges
389 1012 550 1049 seminata,
569 1017 678 1043 contra
692 1011 790 1052 hujus
802 1015 947 1041 naturam
963 1014 1065 1046 terrae,
1082 1008 1251 1050 proficiet?
1298 1007 1418 1038 Marita
1433 1018 1450 1038 e
1465 1012 1585 1043 contra,
1597 1005 1674 1043 Fac,

283 1066 337 1103 ait,
353 1065 528 1097 secundum
546 1064 655 1096 Sancti
670 1064 867 1100 mandatum,
885 1063 936 1094 cui
949 1062 1108 1093 Dominus
1124 1061 1256 1093 donabit
1271 1061 1483 1102 quodcunque
1498 1061 1537 1092 ab
1553 1071 1590 1092 eo
1604 1071 1676 1102 pos-

284 1118 444 1150 tulaverit.
500 1117 565 1150 Sed
591 1123 624 1149 et
651 1117 706 1159 qui
731 1116 819 1148 missi
843 1121 919 1148 sunt
943 1115 1037 1147 simul
1061 1115 1121 1147 hoc
1147 1115 1340 1146 addiderunt
1367 1114 1511 1152 dicendo,
1540 1113 1676 1146 Sanctus

1155 1209 1165 1224 ³¹
1174 1208 1202 1230 A.
1216 1209 1270 1231 iona
1282 1208 1308 1230 B.

1092 1241 1114 1256 ¹⁰
1126 1248 1169 1263 om.
1184 1241 1212 1264 C.

1376 1209 1385 1222 ⁵
1397 1216 1439 1231 om.
1453 1207 1482 1230 D.
1549 1209 1558 1223 θ
1569 1207 1677 1229 columba

1286 1242 1301 1257 ¹¹
1313 1248 1355 1263 om.
1367 1240 1396 1263 D.
1465 1239 1485 1254 ¹²
1498 1240 1631 1262 findcanum
1648 1239 1675 1261 B.

320 1215 326 1230 ¹
338 1214 397 1236 titul.
411 1222 453 1236 om.
467 1212 493 1236 C.
503 1213 532 1235 D.
544 1212 570 1235 F.
581 1212 604 1235 S.
618 1211 677 1234 Bou.
743 1212 753 1227 2
765 1210 843 1240 agusti
855 1210 884 1232 A.
950 1210 959 1223 ³
971 1216 1049 1232 mense
1060 1210 1089 1232 A.

286 1246 341 1269 add.
356 1246 384 1268 D.
451 1246 460 1261 7
474 1252 542 1268 onera
554 1245 584 1267 D.
651 1247 660 1259 δ
673 1244 792 1273 virgarum
805 1243 834 1265 D.
900 1241 910 1257 ⁹
922 1242 984 1264 dixit
993 1242 1022 1264 D.

285 1279 447 1301 frindehanum
461 1278 487 1300 C.
522 1277 656 1299 finehanum
668 1276 697 1298 D.
766 1277 785 1292 ¹3
796 1275 903 1297 aestivum
916 1274 942 1297 C.

320 1364 328 1374 ⁸
346 1357 754 1390 Viryarumfasciculos—These
772 1364 838 1379 were
856 1356 896 1379 sor
914 1355 957 1378 the
1007 1362 1038 1377 ex
1059 1353 1163 1385 virgiS.''
1198 1354 1272 1383 (Act.
1295 1353 1339 1377 SS.
1360 1353 1418 1377 Jun.
1440 1356 1500 1376 tom.
1518 1352 1533 1376 i.
1547 1360 1570 1384 p.
1584 1351 1630 1383 316
1642 1352 1678 1383 a.)

286 1401 461 1425 hurdle-work
474 1400 503 1423 of
513 1399 594 1423 which
607 1400 649 1423 the
662 1399 734 1422 walls
747 1399 775 1422 of
783 1399 882 1426 houses,
895 1397 957 1421 both

288 1443 388 1467 secular
401 1442 451 1466 and
469 1441 662 1470 ecelesiastical‚
677 1448 742 1464 were
755 1439 921 1464 constructed
932 1439 959 1462 in

287 1486 331 1509 the
343 1485 474 1517 primitive
490 1484 664 1508 architecture
684 1483 712 1506 of
727 1483 770 1506 the
784 1482 864 1506 Celes.
902 1481 959 1505 The

288 1528 409 1552 founders
422 1527 451 1551 of
459 1527 502 1550 the
518 1527 576 1550 first
589 1526 683 1550 church
697 1526 722 1549 in
735 1525 838 1549 Britain
849 1524 915 1547 built
927 1532 959 1547 ou

289 1570 429 1594 Ynswitrin
461 1568 613 1600 “quandam
636 1561 767 1599 capellam.
787 1566 893 1590 iuferius
914 1573 960 1597 per

287 1613 423 1636 circuitum
435 1611 516 1642 virgis
529 1610 658 1641 torquatis
673 1616 759 1633 muros
771 1607 960 1640 perficientes.‘’

288 1654 390 1684 -(Gul.
403 1653 569 1677 Malmesbur.
589 1660 629 1684 ap.
650 1651 755 1680 Ussher,
779 1650 852 1674 WVks.
875 1659 897 1673 v.
916 1658 958 1682 pp.

290 1697 325 1724 26.
358 1696 422 1726 132.)
457 1696 494 1719 St.
518 1694 626 1718 David's
655 1693 764 1725 original
787 1692 877 1724 chapel
905 1699 958 1716 was

288 1744 301 1751 ·⁴
310 1745 397 1761 musco
409 1737 522 1761 silvestri
534 1737 614 1760 solum
624 1739 650 1760 et
657 1736 759 1759 hederae
768 1735 875 1758 nexibus
885 1734 959 1758 ador-

288 1779 515 1811 nata.‘'-(Girald.
537 1778 694 1806 Cambrens..
716 1777 835 1801 Itinerar.
856 1776 959 1800 Cambr.

288 1823 341 1853 i.3.)
376 1822 413 1846 St.
427 1821 579 1853 Gwynllyw,
595 1821 655 1844 cire.
670 1821 725 1851 580,
741 1818 880 1850 “signavit
890 1818 960 1842 cimi-

290 1865 390 1891 terium,
403 1867 429 1887 et
446 1864 470 1887 in
484 1864 566 1887 medio
585 1863 680 1887 tabulis
697 1865 723 1885 et
740 1861 821 1892 virgis
838 1860 960 1884 fundavit

290 1905 435 1937 templum,''
470 1906 557 1936 (Rees,
577 1904 767 1930 Cambro-Brit.
789 1903 835 1927 SS.
849 1911 874 1934 p.
893 1902 958 1933 148.)

290 1947 320 1970 In
333 1947 442 1975 Ireland,
465 1947 537 1970 when
554 1948 589 1971 St.
610 1947 707 1970 Kieran
731 1944 760 1968 of
779 1944 883 1975 Saighir
900 1951 959 1975 pre-

289 1989 369 2021 pared
387 1994 414 2013 to
433 1989 503 2012 build
521 1990 559 2012 his
583 1988 685 2017 ὡυτοὶ),
709 1991 724 2001 “
741 1994 803 2018 aper
822 1987 911 2010 statim
932 1987 959 2009 in

290 2035 430 2063 conspectu
442 2031 490 2054 viri
508 2032 563 2060 Dei,
577 2032 666 2061 virgas
685 2033 711 2054 et
728 2029 814 2053 senum
832 2028 865 2052 ad
877 2031 959 2051 mate-

288 2074 354 2097 riam
367 2073 437 2097 cellae
455 2073 633 2097 eonstruendae
651 2071 769 2096 dentibus
784 2070 836 2094 suis
854 2070 959 2094 sortiter

289 2115 424 2140 abscidit.''
458 2115 541 2147 (Colg.
556 2116 615 2139 Act.
630 2115 674 2138 SS.
687 2122 710 2145 p.
724 2114 771 2143 458
785 2112 819 2143 b.)
855 2112 891 2136 St.
907 2112 959 2136 Ke-

288 2158 330 2181 vin
343 2157 372 2181 of
381 2157 539 2182 Glendaloeh
553 2160 566 2170 ‘⁴
576 2155 742 2180 oratoriolum
752 2154 800 2178 sibi
813 2154 959 2178 construxit

1009 1399 1022 1409 ‘¹
1034 1395 1063 1419 In
1082 1396 1138 1419 loco
1159 1395 1265 1419 Raithin
1288 1395 1312 1419 S.
1329 1394 1536 1426 Columba-kylle
1561 1394 1678 1418 cellulam

1008 1441 1086 1461 antea
1097 1437 1231 1469 proposuit
1243 1437 1361 1464 fundare,
1381 1440 1407 1460 et
1424 1440 1478 1460 tres
1495 1436 1579 1460 fasces
1592 1437 1680 1468 virga—

1008 1488 1064 1504 rum
1076 1480 1188 1511 reliquit,
1199 1479 1285 1503 diceus
1298 1479 1359 1507 suis,
1377 1479 1470 1503 Veniet
1482 1479 1546 1502 alius
1561 1481 1620 1510 post
1632 1486 1679 1507 me,

1010 1523 1050 1546 cui
1062 1523 1205 1553 praefinitus
1225 1525 1263 1545 est
1276 1521 1319 1545 ille
1336 1521 1407 1545 locus
1419 1529 1434 1544 a
1446 1521 1564 1545 Domino.
1598 1521 1633 1544 Et
1650 1520 1682 1544 de

1009 1565 1060 1588 illis
1073 1565 1186 1588 fascibus
1206 1565 1229 1588 S.
1243 1564 1389 1588 Carthacus
1406 1563 1454 1586 sibi
1474 1563 1591 1587 cellulam
1604 1563 1683 1587 aedifi-

1011 1607 1089 1635 cavit,
1109 1610 1139 1630 ut
1154 1606 1321 1638 prophetavit
1339 1607 1361 1630 S.
1375 1605 1520 1629 Columba.”
1554 1605 1628 1636 (Act.
1641 1605 1682 1629 SS.

1010 1649 1071 1673 Mai.
1093 1652 1156 1673 tom.
1179 1649 1214 1671 iii.
1233 1656 1256 1680 p.
1276 1649 1320 1678 381
1342 1647 1378 1678 a.)
1411 1648 1447 1671 St.
1470 1647 1560 1674 Finau,
1580 1647 1682 1678 coming

1009 1690 1076 1715 from
1095 1691 1137 1722 Hy
1149 1698 1181 1714 ou
1198 1690 1237 1714 his
1255 1689 1385 1721 episcopal
1401 1689 1512 1717 mission,
1536 1689 1682 1712 “ininsula

1011 1732 1216 1756 Lindisfarneusi
1237 1731 1298 1755 fecit
1316 1731 1450 1755 ecelesiam
1469 1731 1608 1762 episcopali
1627 1730 1682 1754 sedi

1010 1782 1150 1806 congruam
1160 1783 1167 1802 ς
1187 1781 1263 1805 quam
1275 1777 1361 1797 tamen
1373 1781 1443 1796 more
1457 1773 1612 1800 Scottorum,
1631 1780 1682 1796 non

1011 1817 1042 1841 de
1053 1817 1145 1848 lapide,
1160 1816 1204 1840 sed
1214 1816 1244 1840 de
1258 1816 1349 1840 robore
1359 1819 1429 1839 secto
1438 1819 1520 1839 totam
1530 1816 1680 1847 composuit,

1010 1863 1088 1890 atque
1100 1858 1242 1882 harundine
1254 1857 1347 1882 texit.¹’
1381 1857 1473 1889 (Bede,
1485 1857 1517 1881 H.
1536 1857 1565 1881 E.
1578 1858 1614 1882 iii.
1629 1858 1683 1889 25.)

1010 1903 1047 1926 St,
1061 1901 1142 1926 Voloc
1154 1901 1220 1925 built
1232 1909 1261 1925 as
1273 1901 1312 1924 his
1328 1900 1410 1924 abode
1423 1900 1627 1932 “pauperculam
1639 1908 1680 1924 ea-

1010 1951 1064 1967 sam
1077 1943 1182 1967 calamis
1195 1943 1381 1974 viminibusque
1394 1942 1566 1966 contextam.''
1591 1942 1681 1973 (Brev.

1010 1986 1140 2009 Aberdon.
1155 1985 1247 2016 Propr.
1262 1986 1303 2009 SS.
1317 1986 1387 2008 Part.
1400 1983 1517 2015 Hyemal.
1529 1983 1572 2007 fol.
1584 1991 1615 2014 45
1628 1985 1682 2014 aa.)

1009 2029 1056 2052 See
1074 2031 1134 2051 note
1143 2032 1160 2055 ⁶,
1183 2035 1208 2058 p.
1226 2035 1277 2056 114,
1292 2028 1368 2059 infra,
1389 2026 1440 2050 and
1451 2026 1510 2049 that
1527 2026 1682 2058 eoncerning

1010 2071 1047 2094 St.
1062 2069 1203 2094 Columba's
1215 2073 1370 2100 monastery,
1383 2068 1454 2099 chap.
1465 2075 1503 2098 45,
1516 2068 1590 2098 infra.

1042 2113 1053 2128 ¹²
1064 2111 1115 2135 Bis
1126 2112 1191 2135 terni
1209 2111 1361 2135 modii.—So
1385 2113 1397 2123 *⁵
1412 2117 1457 2134 sex
1479 2109 1602 2136 modios,”
1614 2109 1630 2133 i.
1650 2117 1679 2139 4¹

1010 2154 1046 2185 (p·
1061 2154 1104 2185 79)
1118 2161 1200 2185 supra·
