1914 2518
297 193 342 233 84
786 190 862 226 Vita
881 189 1001 227 Sancti
1022 190 1204 228 Columbae.
1562 200 1644 238 [Lm.
1668 209 1685 227 1.

295 289 464 330 quomodo,
486 289 540 320 ¹¹si
556 300 612 330 per
627 289 730 320 visum
746 294 767 309 ⁴²
775 289 842 327 tibi,
862 301 903 321 an
921 290 1042 326 auditu,
1063 301 1103 320 an
1118 289 1190 327 alio,
1209 289 1389 321 hominibus
1404 288 1577 331 incognito,
1596 292 1690 319 ⁴²³ma-

295 342 486 373 nifestantur
501 342 606 374 modo.
653 343 710 374 Ad
725 343 793 375 haec
811 343 957 381 Sanctus,
975 343 1028 374 De
1044 355 1108 384 qua
1123 354 1218 380 nune,
1242 343 1296 380 ait,
1314 342 1447 383 inquiris
1466 342 1558 373 valde
1579 341 1690 373 subtili

295 406 328 426 re
351 395 533 426 nullatenus
555 395 614 426 tibi
629 395 805 436 quamlibet
827 395 964 436 aliquam
988 395 1135 426 intimare
1154 395 1339 437 particulam
1360 402 1481 437 potero,
1507 395 1568 426 nisi
1588 394 1686 436 prius,

295 449 384 480 flexis
403 448 548 490 genibus,
571 459 627 489 per
646 459 762 479 nomeu
785 448 900 480 excelsi
917 448 980 479 Dei
1001 448 1078 479 mihi
1099 448 1232 480 firmiter
1254 448 1421 490 promittas
1443 448 1502 479 hoc
1522 454 1555 479 te
1578 449 1691 479 obscu-

294 501 452 532 rissimum
483 502 730 533 sacramentumk
752 501 833 532 nulli
863 513 1002 542 unquam
1033 501 1198 533 hominum
1228 502 1351 533 cunctis
1376 502 1488 533 (liebus
1515 501 1590 533 vitae
1610 512 1689 532 meae

295 560 523 585 enarraturum.
570 554 647 594 Qui,
664 554 734 586 haec
749 554 890 590 audiens,
913 554 1003 585 flexit
1019 554 1169 585 continuo
1192 565 1307 596 genua,
1329 560 1372 591 et,
1394 560 1553 596 prostrato
1573 553 1606 584 in
1626 559 1690 584 ter-

293 619 361 637 ram
385 607 488 643 vultu,
509 608 606 648 juxta
631 607 740 639 Sancti
762 607 1007 648 praeceptionem
1030 607 1122 648 plene
1149 607 1253 638 omnia
1275 607 1429 648 promisit.
1485 607 1559 647 Qua
1582 606 1688 637 statim

294 656 436 698 perfecta
459 657 676 698 promissione,
705 657 840 689 Sanctus
870 657 910 687 ad
933 663 1117 698 surgentem
1144 657 1188 688 sic
1214 657 1339 688 locutus
1363 657 1478 698 inquit,
1506 656 1590 688 Sunt
1612 667 1691 688 non-

294 709 384 747 nulli,
402 709 578 750 quamlibet
598 709 690 750 pauci
710 710 892 747 admodum,
918 709 1033 750 quibus
1049 709 1157 740 divina
1172 709 1232 741 hoc
1253 709 1389 741 contulit
1404 709 1516 751 gratia,
1538 716 1576 740 ut
1595 709 1690 741 etiam

295 768 399 793 totum
429 762 559 793 “totius
589 768 682 794 terrae
713 764 831 801 orbem,
864 775 937 794 cum
968 763 1090 794 ambitu
1121 763 1227 794 oceani
1255 768 1288 794 et
1310 762 1390 800 coeli,
1422 773 1486 794 uno
1516 763 1691 804 eodemque

294 821 466 852 momento,
491 815 580 856 quasi
597 816 656 847 sub
671 827 736 847 uno
759 815 833 847 solis
848 815 947 853 radio,
971 815 1157 846 mirabiliter
1177 815 1284 846 laxato
1309 814 1423 845 mentis
1447 814 1527 851 sinu,
1553 814 1635 845 clare
1659 820 1692 845 et

294 868 547 899 manifestissime
563 869 777 910 speculentur.
824 868 898 900 Hoc
913 868 1099 900 miraculum
1119 868 1265 904 Sanctus,
1283 867 1429 908 quamvis
1445 867 1485 898 de
1500 866 1568 898 aliis
1583 867 1691 898 electis

294 921 398 952 dicere
414 921 570 958 videatur,
597 932 711 951 vanam
728 921 839 961 utique
860 920 985 962 fugiens
1000 920 1145 962 gloriam,
1171 921 1210 951 dc
1233 919 1335 961 seipso
1357 925 1464 951 tamen
1485 919 1611 956 dixisse,
1636 930 1692 961 per

295 974 460 1015 obliquum
482 974 566 1011 licet,
592 974 699 1005 nullus
715 974 861 1006 dubitare
877 975 974 1006 debet
997 974 1052 1015 qui
1068 974 1207 1005 Paulum
1221 974 1301 1016 legit
1318 973 1524 1015 Apostolum,
1541 984 1596 1003 vas
1612 973 1692 1004 elec-

295 1029 400 1067 tionis,
418 1030 457 1061 de
474 1030 591 1061 talibus
606 1038 786 1061 narrantem
802 1030 862 1062 sibi
877 1030 1025 1062 revelatis
1040 1035 1062 1050 ⁴⁵
1069 1031 1252 1062 visionibus.
1298 1030 1376 1061 Non
1391 1031 1474 1062 enim
1490 1030 1534 1061 ita
1555 1030 1689 1072 scripsit,

299 1085 370 1116 Scio
386 1096 447 1122 me,
466 1085 531 1121 sed,
548 1085 619 1117 Seio
640 1085 811 1122 hominem,
828 1091 956 1127 raptum
977 1097 1077 1127 usque
1093 1086 1133 1116 ad
1149 1086 1278 1117 tertium
1295 1086 1425 1117 coelum¹.
1473 1085 1570 1125 Quod
1583 1097 1692 1126 quam—

295 1137 374 1169 libet
385 1138 425 1169 de
441 1137 502 1169 alio
517 1137 620 1169 dicere
636 1138 819 1175 ⁴⁶videatur,
837 1149 930 1169 nemo
946 1143 1053 1169 tamen
1068 1138 1196 1169 dubitat
1212 1138 1255 1169 sic
1271 1138 1310 1169 de
1326 1138 1462 1180 proplia„
1479 1137 1692 1169 humilitatem

297 1190 488 1227 custodiens,
505 1201 649 1221 enarrare
665 1201 806 1232 persona.
853 1190 960 1230 Quem
976 1195 995 1209 ⁴¹⁷
1003 1190 1099 1222 etiam
1115 1196 1147 1221 et
1160 1196 1267 1222 noster
1283 1190 1441 1222 Columba
1456 1191 1488 1221 in
1504 1190 1691 1232 spiritalium

296 1246 453 1277 visionum
469 1247 647 1278 narratione
664 1253 791 1278 secutus
807 1252 855 1278 est
879 1246 1023 1288 superius
1048 1253 1230 1283 memorata,
1259 1258 1354 1288 quam
1371 1247 1409 1278 ab
1433 1258 1470 1278 eo
1493 1246 1692 1288 supradictus

296 1299 354 1336 vir,
380 1310 474 1341 quem
491 1299 663 1340 pliuimum
687 1300 822 1331 Sanctus
845 1300 981 1336 amabat,
1007 1300 1131 1342 magnis
1154 1300 1298 1341 precibus
1314 1299 1493 1341 praemissis,
1516 1299 1570 1330 vix
1586 1299 1692 1341 potuit

297 1358 495 1394 extorquere,
521 1353 603 1384 sicut
627 1353 721 1395 ⁴¹8ipse
746 1365 850 1385 coram
873 1354 1006 1385 aliorum
1030 1354 1170 1396 personis
1194 1360 1385 1391 sanctorum,
1412 1359 1483 1395 post
1506 1353 1606 1385 sancti
1629 1353 1693 1386 Co-

345 1469 363 1483 41
377 1476 419 1490 om.
439 1468 468 1490 D.

297 1500 316 1515 ³⁰
328 1501 446 1522 videretur
463 1499 489 1523 C.
504 1500 532 1522 D.

580 1470 599 1484 ³²
612 1477 654 1491 orn.
675 1469 703 1490 D.

600 1502 617 1516 ⁴⁷
629 1502 679 1530 jam
693 1501 723 1523 D.

810 1468 882 1490 μ11111
901 1469 955 1490 add.
970 1469 998 1490 D.

802 1501 821 1516 ⁴3
833 1508 874 1523 οηι.
889 1501 916 1523 Β.

1104 1470 1122 1484 ⁴⁴
1135 1468 1193 1500 licet¹
1205 1475 1250 1490 non
1268 1475 1358 1497 semper
1375 1468 1429 1490 add.
1449 1468 1475 1489 B.
1569 1469 1588 1481 ⁴⁵
1600 1475 1641 1489 om.
1662 1467 1690 1489 D.

298 1596 325 1615 to
337 1592 381 1615 the
393 1591 481 1624 family
495 1592 521 1615 in
534 1592 615 1616 which
627 1592 671 1616 the
684 1592 804 1623 Primacy
816 1599 887 1623 grew
899 1596 927 1615 1ο
939 1592 970 1615 be

297 1635 461 1667 liereditary;
481 1635 524 1658 the
539 1635 571 1659 Ui
585 1635 704 1664 Nialiain,
725 1635 780 1659 who
799 1643 865 1658 were
883 1635 938 1659 also
955 1643 971 1658 a

297 1680 401 1708 branch,
420 1680 541 1703 obtained
559 1688 574 1703 a
592 1680 729 1712 severalty,
751 1680 801 1703 and
813 1688 879 1712 gave
896 1687 970 1703 name

297 1727 325 1746 to
345 1723 388 1746 the
409 1723 510 1754 portion
531 1723 559 1746 of
574 1723 619 1746 the
638 1723 749 1754 original
768 1724 893 1755 territory
913 1731 970 1746 now

297 1766 389 1789 known
415 1774 443 1789 as
467 1766 510 1789 the
528 1766 647 1790 baronies
670 1766 700 1789 of
721 1766 872 1793 Oneilland;
897 1766 971 1789 while

297 1808 341 1831 the
356 1808 460 1839 generic
473 1816 547 1831 name
562 1808 686 1831 Airthear
698 1808 802 1831 became
815 1808 931 1832 confined
944 1812 971 1831 to

298 1850 342 1873 the
358 1850 423 1881 strip
437 1850 465 1873 of
477 1854 586 1881 country
599 1850 681 1874 which
694 1850 793 1874 formed
806 1851 849 1874 the
867 1854 971 1874 eastern

299 1893 400 1923 margin
417 1893 445 1915 of
464 1893 618 1924 Airghialla.
639 1901 667 1916 as
687 1893 707 1916 it
729 1893 782 1916 still
803 1893 863 1916 does
883 1893 912 1916 of
928 1893 970 1916 the

299 1941 393 1966 county
406 1935 456 1958 and
473 1935 572 1959 diocese
589 1936 617 1959 of
632 1936 758 1967 Armagh,
778 1936 909 1967 retaining
927 1936 971 1959 the

299 1978 340 2000 old
365 1978 522 2008 appellation
546 1978 627 2001 under
650 1978 694 2001 the
718 1978 826 2010 slightly
850 1978 970 2002 modified

298 2020 364 2043 form
378 2020 406 2043 of
419 2020 502 2044 orior,

331 2062 336 2076 '¹
347 2060 568 2084 Locorum—The
576 2061 645 2085 Fane
655 2061 734 2085 River
744 2061 842 2085 bounds
848 2061 971 2092 Donagh-

300 2111 396 2134 moyne,
416 2103 459 2126 the
475 2103 517 2126 old
533 2103 597 2127 limit
616 2103 644 2127 of
653 2104 697 2127 the
710 2103 866 2135 Maugdorni
884 2111 915 2127 on
927 2103 971 2126 the

299 2146 454 2174 north-east,
469 2147 619 2177 separating
632 2146 675 2169 the
688 2147 803 2170 counties
816 2146 844 2170 of
855 2145 971 2177 Armagh

1022 1592 1072 1616 and
1082 1592 1236 1624 Momghan,
1244 1592 1333 1618 which,
1345 1592 1370 1615 in
1380 1591 1431 1615 this
1440 1591 1549 1623 portion,
1558 1594 1692 1621 represent

1022 1635 1065 1658 the
1081 1636 1183 1658 ancient
1201 1635 1346 1658 territories
1364 1634 1392 1657 of
1407 1634 1451 1658 the
1470 1633 1621 1657 Anteriores
1641 1632 1692 1656 and

1023 1677 1186 1709 Maugdorni.

1055 1724 1064 1738 k
1080 1722 1354 1746 Sacramentum—See
1370 1721 1424 1745 also
1442 1721 1457 1744 i.
1474 1728 1513 1750 50,
1533 1720 1567 1743 iii.
1582 1720 1603 1748 6,
1618 1727 1639 1749 7,
1654 1728 1691 1747 22,

1023 1765 1107 1788 where
1118 1765 1162 1788 the
1179 1764 1249 1787 word
1263 1763 1375 1795 signifies
1390 1766 1419 1787 ‘a
1437 1762 1533 1786 solemn
1548 1761 1652 1789 seeret‚'
1664 1769 1693 1784 or

1026 1811 1032 1819 ‘
1041 1806 1157 1837 deposit.'
1192 1806 1264 1829 Thus
1277 1806 1303 1828 in
1317 1806 1354 1829 St.
1367 1804 1510 1828 Brendan‘s
1524 1804 1593 1828 Life:
1609 1804 1693 1827 “Veni

1023 1852 1048 1871 et
1063 1848 1120 1871 vide
1132 1851 1323 1871 sacramentum
1332 1846 1408 1878 hujus
1418 1847 1565 1877 rei.''-cap.
1578 1846 1604 1868 18
1616 1845 1692 1875 (Cod.

1023 1890 1120 1913 Marsh.
1134 1889 1176 1913 sol.
1189 1890 1220 1919 58
1231 1888 1244 1912 b
1254 1888 1290 1918 b).
1316 1888 1472 1918 Μυστήριον
1484 1888 1510 1910 111
1523 1887 1586 1918 Eph.
1597 1895 1619 1909 v.
1629 1894 1658 1917 32
1671 1887 1693 1909 is

1022 1932 1148 1955 rendered
1161 1936 1335 1955 sacramentum
1348 1931 1373 1954 in
1385 1931 1429 1954 the
1442 1931 1520 1954 Latin
1533 1930 1655 1953 νει-510115.

1445 1972 1571 1999 Sedulius,
1594 1973 1631 1996 St.
1645 1972 1692 1996 Co-

1022 2016 1127 2040 lumba’s
1140 2020 1318 2048 countryman.
1330 2016 1503 2047 commenting
1512 2023 1543 2038 on
1553 2015 1597 2038 the
1610 2014 1693 2038 words

1026 2060 1084 2084 Scio
1101 2058 1225 2087 hominem,
1246 2059 1382 2082 observes:
1403 2058 1482 2081 “Hoc
1500 2057 1530 2081 de
1549 2064 1576 2080 se
1593 2057 1694 2080 humili-

1023 2103 1086 2126 tatis
1100 2110 1186 2130 causa,
1196 2102 1269 2133 quasi
1281 2102 1307 2124 in
1319 2101 1426 2124 alterius
1438 2107 1548 2131 persona
1559 2099 1696 2131 loquitur.”

1024 2146 1132 2176 (Aunot.
1147 2146 1171 2168 in
1186 2145 1210 2168 S.
1225 2143 1297 2168 Pauli
1312 2143 1394 2175 Epist.
1408 2151 1431 2174 p.
1447 2142 1500 2172 276.
1516 2142 1595 2166 Basil.
1612 2144 1694 2174 1538.)

1055 1975 1059 1990 ¹
1076 1973 1225 1999 Coelum.-2
1239 1974 1298 1997 Cor.
1316 1974 1358 1996 xii.
1378 1982 1397 1996 2.
